
  <record>
    <leader>01000aam  22002601a 4500</leader>
    <controlfield tag="001">YPZ98697</controlfield>
    <controlfield tag="003">YPZ</controlfield>
    <controlfield tag="005">201407171628260</controlfield>
    <controlfield tag="008">140717|###########||||||b||||||||||spa|d</controlfield>
    <datafield tag="020" ind1=" " ind2=" ">
      <subfield code="a">9681600878</subfield>
    </datafield>
    <datafield tag="040" ind1=" " ind2=" ">
      <subfield code="c">SIUNPA</subfield>
    </datafield>
    <datafield tag="041" ind1=" " ind2=" ">
      <subfield code="a">spa</subfield>
    </datafield>
    <datafield tag="044" ind1=" " ind2=" ">
      <subfield code="a">MX</subfield>
    </datafield>
    <datafield tag="080" ind1=" " ind2=" ">
      <subfield code="a">330.1 M645p2</subfield>
    </datafield>
    <datafield tag="100" ind1=" " ind2=" ">
      <subfield code="a">Mill, John Stuart.</subfield>
    </datafield>
    <datafield tag="245" ind1=" " ind2=" ">
      <subfield code="a">Principios de economía política</subfield>
      <subfield code="b"> : con algunas de sus aplicaciones a la filosofía social</subfield>
      <subfield code="c"> / Ashley, William James, ed. e introd. ; Ortiz, Teodoro, tr. ; Beautell, Cristóbal Lara, rev.</subfield>
    </datafield>
    <datafield tag="250" ind1=" " ind2=" ">
      <subfield code="a">2a ed., 3a reimpr.</subfield>
    </datafield>
    <datafield tag="260" ind1=" " ind2=" ">
      <subfield code="a">México, D.F.</subfield>
      <subfield code="b"> : Fondo de Cultura Económica</subfield>
      <subfield code="c"> , 1996</subfield>
    </datafield>
    <datafield tag="650" ind1=" " ind2=" ">
      <subfield code="a"> ECONOMIA POLITICA</subfield>
    </datafield>
    <datafield tag="942" ind1=" " ind2=" ">
      <subfield code="c">BK</subfield>
    </datafield>
    <datafield tag="952" ind1=" " ind2=" ">
      <subfield code="a">BIB_RECT</subfield>
      <subfield code="b">BIB_UARG</subfield>
      <subfield code="d">2014-07-07</subfield>
      <subfield code="y">BK</subfield>
      <subfield code="p">05-46318</subfield>
      <subfield code="i">05-46318</subfield>
      <subfield code="g">200</subfield>
      <subfield code="o">330.1 M645p2</subfield>
      <subfield code="e">Don. Artesi, Liliana</subfield>
      <subfield code="8">CG</subfield>
    </datafield>
  </record>