
  <record>
    <leader>01000aam  22002601a 4500</leader>
    <controlfield tag="001">YPZ98706</controlfield>
    <controlfield tag="003">YPZ</controlfield>
    <controlfield tag="005">201408041112530</controlfield>
    <controlfield tag="008">140804|###########||||||b||||||||||spa|d</controlfield>
    <datafield tag="040" ind1=" " ind2=" ">
      <subfield code="c">SIUNPA</subfield>
    </datafield>
    <datafield tag="041" ind1=" " ind2=" ">
      <subfield code="a">spa</subfield>
    </datafield>
    <datafield tag="044" ind1=" " ind2=" ">
      <subfield code="a">AR</subfield>
    </datafield>
    <datafield tag="080" ind1=" " ind2=" ">
      <subfield code="a">336.74 D569m</subfield>
    </datafield>
    <datafield tag="100" ind1=" " ind2=" ">
      <subfield code="a">Difrieri, Jorge A..</subfield>
    </datafield>
    <datafield tag="245" ind1=" " ind2=" ">
      <subfield code="a">Moneda y bancos en la República Argentina</subfield>
    </datafield>
    <datafield tag="260" ind1=" " ind2=" ">
      <subfield code="a">Buenos Aires</subfield>
      <subfield code="b"> : Abeledo-Perrot</subfield>
      <subfield code="c"> , 1967</subfield>
    </datafield>
    <datafield tag="650" ind1=" " ind2=" ">
      <subfield code="a"> SISTEMA MONETARIO</subfield>
    </datafield>
    <datafield tag="650" ind1=" " ind2=" ">
      <subfield code="a"> POLITICA MONETARIA </subfield>
    </datafield>
    <datafield tag="650" ind1=" " ind2=" ">
      <subfield code="a"> ARGENTINA</subfield>
    </datafield>
    <datafield tag="942" ind1=" " ind2=" ">
      <subfield code="c">BK</subfield>
    </datafield>
    <datafield tag="952" ind1=" " ind2=" ">
      <subfield code="a">BIB_RECT</subfield>
      <subfield code="b">BIB_UARG</subfield>
      <subfield code="d">2014-08-04</subfield>
      <subfield code="y">BK</subfield>
      <subfield code="p">05-46342</subfield>
      <subfield code="i">05-46342</subfield>
      <subfield code="g">75</subfield>
      <subfield code="o">336.74 D569m</subfield>
      <subfield code="e">Donación Artesi, Liliana</subfield>
      <subfield code="8">CG</subfield>
    </datafield>
  </record>