
  <record>
    <leader>01000aam  22002601a 4500</leader>
    <controlfield tag="001">YPZ98719</controlfield>
    <controlfield tag="003">YPZ</controlfield>
    <controlfield tag="005">201408061208320</controlfield>
    <controlfield tag="008">140806|###########||||||b||||||||||spa|d</controlfield>
    <datafield tag="020" ind1=" " ind2=" ">
      <subfield code="a">8420611190</subfield>
    </datafield>
    <datafield tag="040" ind1=" " ind2=" ">
      <subfield code="c">SIUNPA</subfield>
    </datafield>
    <datafield tag="041" ind1=" " ind2=" ">
      <subfield code="a">spa</subfield>
    </datafield>
    <datafield tag="044" ind1=" " ind2=" ">
      <subfield code="a">ES</subfield>
    </datafield>
    <datafield tag="080" ind1=" " ind2=" ">
      <subfield code="a">330.85 M392m</subfield>
    </datafield>
    <datafield tag="100" ind1=" " ind2=" ">
      <subfield code="a">Marx, Karl.</subfield>
    </datafield>
    <datafield tag="245" ind1=" " ind2=" ">
      <subfield code="a">Manuscritos</subfield>
      <subfield code="b"> : economía y filosofía</subfield>
      <subfield code="c"> / Rubio Llorente, Francisco, tr., introd, y notas</subfield>
    </datafield>
    <datafield tag="250" ind1=" " ind2=" ">
      <subfield code="a">1a ed., 11a reimpr.</subfield>
    </datafield>
    <datafield tag="260" ind1=" " ind2=" ">
      <subfield code="a">Madrid</subfield>
      <subfield code="b"> : Alianza</subfield>
      <subfield code="c"> , 1985</subfield>
    </datafield>
    <datafield tag="440" ind1=" " ind2=" ">
      <subfield code="a">Biblioteca de economía política</subfield>
      <subfield code="a">Vicens universidad</subfield>
      <subfield code="a">Vicens universidad</subfield>
      <subfield code="a">Selecciones de economía. Serie plata</subfield>
      <subfield code="a">Selecciones de economía. Serie plata</subfield>
      <subfield code="a">Conceptos / Grijalbo</subfield>
      <subfield code="a">Pequeña biblioteca marxista leninista</subfield>
      <subfield code="a">El libro de bolsillo. Sección clásicos</subfield>
      <subfield code="v">119</subfield>
    </datafield>
    <datafield tag="490" ind1=" " ind2=" ">
      <subfield code="a">Biblioteca de economía política</subfield>
      <subfield code="a">Vicens universidad</subfield>
      <subfield code="a">Vicens universidad</subfield>
      <subfield code="a">Selecciones de economía. Serie plata</subfield>
      <subfield code="a">Selecciones de economía. Serie plata</subfield>
      <subfield code="a">Conceptos / Grijalbo</subfield>
      <subfield code="a">Pequeña biblioteca marxista leninista</subfield>
      <subfield code="a">El libro de bolsillo. Sección clásicos</subfield>
      <subfield code="v">119</subfield>
    </datafield>
    <datafield tag="650" ind1=" " ind2=" ">
      <subfield code="a"> FILOSOFIA</subfield>
    </datafield>
    <datafield tag="650" ind1=" " ind2=" ">
      <subfield code="a"> MARXISMO</subfield>
    </datafield>
    <datafield tag="650" ind1=" " ind2=" ">
      <subfield code="a"> DOCTRINA POLITICA </subfield>
    </datafield>
    <datafield tag="650" ind1=" " ind2=" ">
      <subfield code="a"> ECONOMIA POLITICA</subfield>
    </datafield>
    <datafield tag="650" ind1=" " ind2=" ">
      <subfield code="a"> MARX, KARL (1818</subfield>
    </datafield>
    <datafield tag="650" ind1=" " ind2=" ">
      <subfield code="a">1883)</subfield>
    </datafield>
    <datafield tag="942" ind1=" " ind2=" ">
      <subfield code="c">BK</subfield>
    </datafield>
    <datafield tag="952" ind1=" " ind2=" ">
      <subfield code="a">BIB_RECT</subfield>
      <subfield code="b">BIB_UARG</subfield>
      <subfield code="d">2014-08-06</subfield>
      <subfield code="y">BK</subfield>
      <subfield code="p">05-46357</subfield>
      <subfield code="i">05-46357</subfield>
      <subfield code="g">35</subfield>
      <subfield code="o">330.85 M392m</subfield>
      <subfield code="e">Donación Artesi, Liliana</subfield>
      <subfield code="8">CG</subfield>
    </datafield>
  </record>