
  <record>
    <leader>01000aam  22002601a 4500</leader>
    <controlfield tag="001">YPZ98792</controlfield>
    <controlfield tag="003">YPZ</controlfield>
    <controlfield tag="005">201408251357270</controlfield>
    <controlfield tag="008">140825|###########||||||b||||||||||spa|d</controlfield>
    <datafield tag="040" ind1=" " ind2=" ">
      <subfield code="c">SIUNPA</subfield>
    </datafield>
    <datafield tag="041" ind1=" " ind2=" ">
      <subfield code="a">spa</subfield>
    </datafield>
    <datafield tag="044" ind1=" " ind2=" ">
      <subfield code="a">DE</subfield>
    </datafield>
    <datafield tag="080" ind1=" " ind2=" ">
      <subfield code="a">821.112.2.09 H819c</subfield>
    </datafield>
    <datafield tag="100" ind1=" " ind2=" ">
      <subfield code="a">Horst, Karl August.</subfield>
    </datafield>
    <datafield tag="245" ind1=" " ind2=" ">
      <subfield code="a">Carácteres y tendencias de la literatura alemana en el siglo XX</subfield>
    </datafield>
    <datafield tag="260" ind1=" " ind2=" ">
      <subfield code="a">München</subfield>
      <subfield code="b"> : Nymphenburger</subfield>
      <subfield code="c"> , 1964</subfield>
    </datafield>
    <datafield tag="650" ind1=" " ind2=" ">
      <subfield code="a"> LITERATURA ALEMANA</subfield>
    </datafield>
    <datafield tag="650" ind1=" " ind2=" ">
      <subfield code="a"> CRITICA LITERARIA</subfield>
    </datafield>
    <datafield tag="942" ind1=" " ind2=" ">
      <subfield code="c">BK</subfield>
    </datafield>
    <datafield tag="952" ind1=" " ind2=" ">
      <subfield code="a">BIB_RECT</subfield>
      <subfield code="b">BIB_UARG</subfield>
      <subfield code="d">2014-08-22</subfield>
      <subfield code="y">BK</subfield>
      <subfield code="p">05-46417</subfield>
      <subfield code="i">05-46417</subfield>
      <subfield code="g">60</subfield>
      <subfield code="o">821.112.2.09 H819c</subfield>
      <subfield code="e">Donación Bergero, Iris</subfield>
      <subfield code="8">CG</subfield>
    </datafield>
  </record>