
  <record>
    <leader>01000aam  22002601a 4500</leader>
    <controlfield tag="001">YPZ98793</controlfield>
    <controlfield tag="003">YPZ</controlfield>
    <controlfield tag="005">201408251415370</controlfield>
    <controlfield tag="008">140825|###########||||||b||||||||||spa|d</controlfield>
    <datafield tag="040" ind1=" " ind2=" ">
      <subfield code="c">SIUNPA</subfield>
    </datafield>
    <datafield tag="041" ind1=" " ind2=" ">
      <subfield code="a">spa</subfield>
    </datafield>
    <datafield tag="044" ind1=" " ind2=" ">
      <subfield code="a">AR</subfield>
    </datafield>
    <datafield tag="080" ind1=" " ind2=" ">
      <subfield code="a">82.0 C346q2</subfield>
    </datafield>
    <datafield tag="100" ind1=" " ind2=" ">
      <subfield code="a">Castagnino, Raúl H..</subfield>
    </datafield>
    <datafield tag="245" ind1=" " ind2=" ">
      <subfield code="a">¿Qué es literatura?</subfield>
      <subfield code="b"> : naturaleza y función de lo literario</subfield>
    </datafield>
    <datafield tag="250" ind1=" " ind2=" ">
      <subfield code="a">2a ed.</subfield>
    </datafield>
    <datafield tag="260" ind1=" " ind2=" ">
      <subfield code="a">Buenos Aires</subfield>
      <subfield code="b"> : Nova</subfield>
      <subfield code="c"> , 1958</subfield>
    </datafield>
    <datafield tag="440" ind1=" " ind2=" ">
      <subfield code="a">Colección el pasado argentino</subfield>
      <subfield code="a">Colección teoría y práctica del teatro</subfield>
      <subfield code="a">Memoria argentina</subfield>
      <subfield code="a">Biblioteca de Literatura / Centro Editor de América Latina</subfield>
      <subfield code="a">Compendios Nova de iniciación cultural</subfield>
      <subfield code="v">24</subfield>
    </datafield>
    <datafield tag="490" ind1=" " ind2=" ">
      <subfield code="a">Colección el pasado argentino</subfield>
      <subfield code="a">Colección teoría y práctica del teatro</subfield>
      <subfield code="a">Memoria argentina</subfield>
      <subfield code="a">Biblioteca de Literatura / Centro Editor de América Latina</subfield>
      <subfield code="a">Compendios Nova de iniciación cultural</subfield>
      <subfield code="v">24</subfield>
    </datafield>
    <datafield tag="650" ind1=" " ind2=" ">
      <subfield code="a"> LITERATURA</subfield>
    </datafield>
    <datafield tag="650" ind1=" " ind2=" ">
      <subfield code="a"> CRITICA LITERARIA</subfield>
    </datafield>
    <datafield tag="650" ind1=" " ind2=" ">
      <subfield code="a"> TEORIAS LITERARIAS</subfield>
    </datafield>
    <datafield tag="942" ind1=" " ind2=" ">
      <subfield code="c">BK</subfield>
    </datafield>
    <datafield tag="952" ind1=" " ind2=" ">
      <subfield code="a">BIB_RECT</subfield>
      <subfield code="b">BIB_UARG</subfield>
      <subfield code="d">2014-08-20</subfield>
      <subfield code="y">BK</subfield>
      <subfield code="p">05-46423</subfield>
      <subfield code="i">05-46423</subfield>
      <subfield code="g">35</subfield>
      <subfield code="o">82.0 C346q2</subfield>
      <subfield code="e">Donación Bergero, Iris</subfield>
      <subfield code="8">CG</subfield>
    </datafield>
  </record>