
  <record>
    <leader>01000aam  22002601a 4500</leader>
    <controlfield tag="001">YPZ98804</controlfield>
    <controlfield tag="003">YPZ</controlfield>
    <controlfield tag="005">201408270822430</controlfield>
    <controlfield tag="008">140827|###########||||||b||||||||||spa|d</controlfield>
    <datafield tag="040" ind1=" " ind2=" ">
      <subfield code="c">SIUNPA</subfield>
    </datafield>
    <datafield tag="041" ind1=" " ind2=" ">
      <subfield code="a">spa</subfield>
    </datafield>
    <datafield tag="044" ind1=" " ind2=" ">
      <subfield code="a">MX</subfield>
    </datafield>
    <datafield tag="080" ind1=" " ind2=" ">
      <subfield code="a">821.112.2.09 P195p</subfield>
    </datafield>
    <datafield tag="245" ind1=" " ind2=" ">
      <subfield code="a">Panorama de la literatura alemana</subfield>
      <subfield code="b"> : desde la edad media hasta la época contemporánea</subfield>
      <subfield code="c"> / Langenbucher, Wolfgang, comp. ; Auerbach, Frank, introd. ; Mendilaharzu de Machain, Nélida, tr.</subfield>
    </datafield>
    <datafield tag="260" ind1=" " ind2=" ">
      <subfield code="a">México, D.F.</subfield>
      <subfield code="b"> : Hermes</subfield>
      <subfield code="c"> , 1974</subfield>
    </datafield>
    <datafield tag="650" ind1=" " ind2=" ">
      <subfield code="a"> LITERATURA ALEMANA</subfield>
    </datafield>
    <datafield tag="650" ind1=" " ind2=" ">
      <subfield code="a"> CRITICA LITERARIA</subfield>
    </datafield>
    <datafield tag="650" ind1=" " ind2=" ">
      <subfield code="a"> ANTOLOGIA</subfield>
    </datafield>
    <datafield tag="650" ind1=" " ind2=" ">
      <subfield code="a">  HISTORIA DE LA LITERATURA</subfield>
    </datafield>
    <datafield tag="942" ind1=" " ind2=" ">
      <subfield code="c">BK</subfield>
    </datafield>
    <datafield tag="952" ind1=" " ind2=" ">
      <subfield code="a">BIB_RECT</subfield>
      <subfield code="b">BIB_UARG</subfield>
      <subfield code="d">2014-08-27</subfield>
      <subfield code="y">BK</subfield>
      <subfield code="p">05-46414</subfield>
      <subfield code="i">05-46414</subfield>
      <subfield code="g">80</subfield>
      <subfield code="o">821.112.2.09 P195p</subfield>
      <subfield code="e">Donación Bergero, Iris</subfield>
      <subfield code="8">CG</subfield>
    </datafield>
  </record>