
  <record>
    <leader>01000aam  22002601a 4500</leader>
    <controlfield tag="001">YPZ98850</controlfield>
    <controlfield tag="003">YPZ</controlfield>
    <controlfield tag="005">201409041327200</controlfield>
    <controlfield tag="008">140904|###########||||||b||||||||||spa|d</controlfield>
    <datafield tag="020" ind1=" " ind2=" ">
      <subfield code="a">9701007468</subfield>
    </datafield>
    <datafield tag="040" ind1=" " ind2=" ">
      <subfield code="c">SIUNPA</subfield>
    </datafield>
    <datafield tag="041" ind1=" " ind2=" ">
      <subfield code="a">spa</subfield>
    </datafield>
    <datafield tag="044" ind1=" " ind2=" ">
      <subfield code="a">MX</subfield>
    </datafield>
    <datafield tag="080" ind1=" " ind2=" ">
      <subfield code="a">65.012.4 B116e3</subfield>
    </datafield>
    <datafield tag="100" ind1=" " ind2=" ">
      <subfield code="a">Baca Urbina, Gabriel.</subfield>
    </datafield>
    <datafield tag="245" ind1=" " ind2=" ">
      <subfield code="a">Evaluación de proyectos</subfield>
      <subfield code="c"> / González Hernández, Filiberto, rev. técnica</subfield>
    </datafield>
    <datafield tag="250" ind1=" " ind2=" ">
      <subfield code="a">3a ed.</subfield>
    </datafield>
    <datafield tag="260" ind1=" " ind2=" ">
      <subfield code="a">México, D.F.</subfield>
      <subfield code="b"> : McGraw-Hill</subfield>
      <subfield code="c"> , 1995</subfield>
    </datafield>
    <datafield tag="650" ind1=" " ind2=" ">
      <subfield code="a"> ADMINISTRACION DE EMPRESAS</subfield>
    </datafield>
    <datafield tag="650" ind1=" " ind2=" ">
      <subfield code="a"> EVALUACION DE PROYECTO</subfield>
    </datafield>
    <datafield tag="650" ind1=" " ind2=" ">
      <subfield code="a"> GESTION EMPRESARIAL</subfield>
    </datafield>
    <datafield tag="942" ind1=" " ind2=" ">
      <subfield code="c">BK</subfield>
    </datafield>
    <datafield tag="952" ind1=" " ind2=" ">
      <subfield code="a">BIB_RECT</subfield>
      <subfield code="b">BIB_UACO</subfield>
      <subfield code="d">2014-09-04</subfield>
      <subfield code="y">BK</subfield>
      <subfield code="p">02-02432</subfield>
      <subfield code="i">02-02432</subfield>
      <subfield code="g">98</subfield>
      <subfield code="o">65.012.4 B116e3</subfield>
      <subfield code="e">Acuerdo C.U. no. 125/98</subfield>
      <subfield code="8">CG</subfield>
    </datafield>
    <datafield tag="952" ind1=" " ind2=" ">
      <subfield code="a">BIB_RECT</subfield>
      <subfield code="b">BIB_UACO</subfield>
      <subfield code="d">2014-09-04</subfield>
      <subfield code="y">BK</subfield>
      <subfield code="p">02-02433</subfield>
      <subfield code="i">02-02433</subfield>
      <subfield code="g">98</subfield>
      <subfield code="o">65.012.4 B116e3</subfield>
      <subfield code="e">Acuerdo C.U. no. 125/98</subfield>
      <subfield code="8">CG</subfield>
    </datafield>
    <datafield tag="952" ind1=" " ind2=" ">
      <subfield code="a">BIB_RECT</subfield>
      <subfield code="b">BIB_UACO</subfield>
      <subfield code="d">2014-09-04</subfield>
      <subfield code="y">BK</subfield>
      <subfield code="p">02-02434</subfield>
      <subfield code="i">02-02434</subfield>
      <subfield code="g">98</subfield>
      <subfield code="o">65.012.4 B116e3</subfield>
      <subfield code="e">Acuerdo C.U. no. 125/98</subfield>
      <subfield code="8">CG</subfield>
    </datafield>
    <datafield tag="952" ind1=" " ind2=" ">
      <subfield code="a">BIB_RECT</subfield>
      <subfield code="b">BIB_UART</subfield>
      <subfield code="d">2014-09-04</subfield>
      <subfield code="y">BK</subfield>
      <subfield code="p">03-01001</subfield>
      <subfield code="i">03-01001</subfield>
      <subfield code="g">98</subfield>
      <subfield code="o">65.012.4 B116e3</subfield>
      <subfield code="e">FOMEC O/C. 040/99</subfield>
      <subfield code="8">CG</subfield>
    </datafield>
    <datafield tag="952" ind1=" " ind2=" ">
      <subfield code="a">BIB_RECT</subfield>
      <subfield code="b">BIB_UART</subfield>
      <subfield code="d">2014-09-04</subfield>
      <subfield code="y">BK</subfield>
      <subfield code="p">03-01002</subfield>
      <subfield code="i">03-01002</subfield>
      <subfield code="g">98</subfield>
      <subfield code="o">65.012.4 B116e3</subfield>
      <subfield code="e">FOMEC O/C. 040/99</subfield>
      <subfield code="8">CG</subfield>
    </datafield>
  </record>