
  <record>
    <leader>01000aam  22002601a 4500</leader>
    <controlfield tag="001">YPZ98852</controlfield>
    <controlfield tag="003">YPZ</controlfield>
    <controlfield tag="005">201409041417100</controlfield>
    <controlfield tag="008">140904|###########||||||b||||||||||spa|d</controlfield>
    <datafield tag="040" ind1=" " ind2=" ">
      <subfield code="c">SIUNPA</subfield>
    </datafield>
    <datafield tag="041" ind1=" " ind2=" ">
      <subfield code="a">spa</subfield>
    </datafield>
    <datafield tag="044" ind1=" " ind2=" ">
      <subfield code="a">AR</subfield>
    </datafield>
    <datafield tag="080" ind1=" " ind2=" ">
      <subfield code="a">F553.982 L259ap</subfield>
    </datafield>
    <datafield tag="100" ind1=" " ind2=" ">
      <subfield code="a">Landoni, Alberto.</subfield>
    </datafield>
    <datafield tag="700" ind1=" " ind2=" ">
      <subfield code="a">Giordano, Héctor M..</subfield>
    </datafield>
    <datafield tag="245" ind1=" " ind2=" ">
      <subfield code="a">Apuntes de perforación de pozos de petróleo</subfield>
      <subfield code="b"> : otros elementos que pueden integrar la columna perforadora</subfield>
      <subfield code="c"> / Churrarin, Francisco, il.</subfield>
    </datafield>
    <datafield tag="260" ind1=" " ind2=" ">
      <subfield code="a">Buenos Aires</subfield>
      <subfield code="b"> : Cursos Post Graduados, Facultad de Ingeniería, Universidad de Buenos Aires</subfield>
      <subfield code="c"> , 1968</subfield>
    </datafield>
    <datafield tag="300" ind1=" " ind2=" ">
      <subfield code="a">670 p. : </subfield>
      <subfield code="a">135 p. : </subfield>
      <subfield code="b">il. ; </subfield>
      <subfield code="a">383 p. : </subfield>
      <subfield code="a">653 p. : </subfield>
      <subfield code="b">il. ; </subfield>
      <subfield code="a">152  p. : </subfield>
      <subfield code="a">71 p. : </subfield>
      <subfield code="b">il. ; </subfield>
      <subfield code="a">v. : </subfield>
      <subfield code="a">xiv, 151 p. : </subfield>
      <subfield code="a">2 v. : </subfield>
      <subfield code="a">240 p. : </subfield>
      <subfield code="b">il. ; </subfield>
      <subfield code="a">123 p. : </subfield>
      <subfield code="b">il. ; </subfield>
      <subfield code="a">157 p. : </subfield>
      <subfield code="a">151 p. : </subfield>
      <subfield code="a">xlv, 332 p. : </subfield>
      <subfield code="a">207 p. : </subfield>
      <subfield code="a">143 p. : </subfield>
      <subfield code="a">203 p. : </subfield>
      <subfield code="b">il. ; </subfield>
      <subfield code="a">74 p. : </subfield>
      <subfield code="a">190 p. : </subfield>
      <subfield code="b">il. ; </subfield>
      <subfield code="a">xii, 272 p. : </subfield>
      <subfield code="b">il. ; </subfield>
      <subfield code="a">256 p. : </subfield>
      <subfield code="a">172 p. : </subfield>
      <subfield code="a">526 p. : </subfield>
      <subfield code="a">564 p. : </subfield>
      <subfield code="a">xii, 334 p. : </subfield>
      <subfield code="b">il. ; </subfield>
      <subfield code="a">356 p. : </subfield>
      <subfield code="a">xx, 533 p. : </subfield>
      <subfield code="b">il. ; </subfield>
      <subfield code="a">xiv, 385 p. : </subfield>
      <subfield code="b">il. ; </subfield>
      <subfield code="a">2 v. : </subfield>
      <subfield code="b">il. ; </subfield>
      <subfield code="a">v. : </subfield>
      <subfield code="b">il. ; </subfield>
      <subfield code="a">v. : </subfield>
      <subfield code="a">v. : </subfield>
      <subfield code="a">207 p. : </subfield>
      <subfield code="a">627 p. : </subfield>
      <subfield code="b">il. ; </subfield>
      <subfield code="a">173 p. : </subfield>
      <subfield code="b">il. ; </subfield>
      <subfield code="a">551 p. : </subfield>
      <subfield code="b">il. ; </subfield>
      <subfield code="a">896 p. : </subfield>
      <subfield code="a">xv, 974 p. : </subfield>
      <subfield code="b">il. ; </subfield>
      <subfield code="a">xxxiii, 962 p. : </subfield>
      <subfield code="b">il. ; </subfield>
      <subfield code="a">259 p. : </subfield>
      <subfield code="a">201 p. : </subfield>
      <subfield code="b">il. ; </subfield>
      <subfield code="a">283 p. : </subfield>
      <subfield code="a">188 p. : </subfield>
      <subfield code="a">91 p. : </subfield>
      <subfield code="a">491 p. : </subfield>
      <subfield code="b">il. ; </subfield>
      <subfield code="a">381 p. : </subfield>
      <subfield code="a">v. : </subfield>
      <subfield code="a">376 p. : </subfield>
      <subfield code="a">84 p. : </subfield>
      <subfield code="a">viii, 128 p. : </subfield>
      <subfield code="b">il. ; </subfield>
      <subfield code="a">xxiii, 358 p. : </subfield>
      <subfield code="b">il. ; </subfield>
      <subfield code="a">xxvi, 392 p. : </subfield>
      <subfield code="b">il. ; </subfield>
      <subfield code="a">xxiii, 665 p. : </subfield>
      <subfield code="b">il. ; </subfield>
      <subfield code="a">547 p. : </subfield>
      <subfield code="b">il. ; </subfield>
      <subfield code="a">140 p. : </subfield>
      <subfield code="b">il. ; </subfield>
      <subfield code="a">214 p. : </subfield>
      <subfield code="a">iv, 106 p. : </subfield>
      <subfield code="a">154 p. : </subfield>
      <subfield code="a">251 p. : </subfield>
      <subfield code="a">59 p. : </subfield>
      <subfield code="a">153 p. : </subfield>
      <subfield code="a">218 p. : </subfield>
      <subfield code="a">462 p., [17] h. de láms. (algunas plegs.) : </subfield>
      <subfield code="b">il. ; </subfield>
      <subfield code="a">175 p. : </subfield>
      <subfield code="b">il. ; </subfield>
      <subfield code="a">143 p. : </subfield>
      <subfield code="a">439 p. : </subfield>
      <subfield code="a">141 p. : </subfield>
      <subfield code="a">311 p. : </subfield>
      <subfield code="b">cuadros ; </subfield>
      <subfield code="a">222 p. : </subfield>
      <subfield code="b">il. ; </subfield>
      <subfield code="a">299 p. : </subfield>
      <subfield code="a">326 p. : </subfield>
      <subfield code="b">il. ; </subfield>
      <subfield code="a">183 p. : </subfield>
      <subfield code="a">xiv, 374 p. : </subfield>
      <subfield code="b">il., [2] h. láms. (algunas plegs.) ; </subfield>
      <subfield code="a">103 p. : </subfield>
      <subfield code="b">il. ; </subfield>
      <subfield code="a">146 p. : </subfield>
      <subfield code="b">il. ; </subfield>
      <subfield code="a">128 p. : </subfield>
      <subfield code="a">105 p. : </subfield>
      <subfield code="b">il. ; </subfield>
      <subfield code="a">vii, 456 p., [2] h. láms (algunas pleg.) : </subfield>
      <subfield code="b">il. ; </subfield>
      <subfield code="a">404 p. : </subfield>
      <subfield code="a">xxx, 722 p. : </subfield>
      <subfield code="b">il. ; </subfield>
      <subfield code="a">lxxvi, 917 p. : </subfield>
      <subfield code="a">506 p. : </subfield>
      <subfield code="b">il. ; </subfield>
      <subfield code="a">558 p. : </subfield>
      <subfield code="b">il. ; </subfield>
      <subfield code="a">x, 171 p. : </subfield>
      <subfield code="b">il. ; </subfield>
      <subfield code="a">339 p. : </subfield>
      <subfield code="a">254 p. : </subfield>
      <subfield code="b">il. ; </subfield>
      <subfield code="a">310 p. : </subfield>
      <subfield code="a">120 p. : </subfield>
      <subfield code="a">44 p. : </subfield>
      <subfield code="b">il. ; </subfield>
      <subfield code="a">xxi, 499 p. : </subfield>
      <subfield code="b">il. ; </subfield>
      <subfield code="a">xvii, 582 p. : </subfield>
      <subfield code="b">il. ; </subfield>
      <subfield code="a">192 p. : </subfield>
      <subfield code="b">il. ; </subfield>
      <subfield code="a">1 v. (en varias paginaciones) : </subfield>
      <subfield code="b">il. ; </subfield>
      <subfield code="a">vii, 454 p. : </subfield>
      <subfield code="a">60 p. : </subfield>
      <subfield code="a">ix, 81 p. : </subfield>
      <subfield code="b">il. ; </subfield>
      <subfield code="a">249 p. : </subfield>
      <subfield code="a">215 p. : </subfield>
      <subfield code="b">il. ; </subfield>
      <subfield code="a">v. : </subfield>
      <subfield code="b">il. ; </subfield>
      <subfield code="a">2 v. : </subfield>
      <subfield code="a">269 p. : </subfield>
      <subfield code="a">162 p. : </subfield>
      <subfield code="a">137 p. : </subfield>
      <subfield code="a">348 p. : </subfield>
      <subfield code="a">114 p. : </subfield>
      <subfield code="a">380 p. : </subfield>
      <subfield code="b">il. ; </subfield>
      <subfield code="a">153 p. : </subfield>
      <subfield code="a">172 p. : </subfield>
      <subfield code="a">94 p. : </subfield>
      <subfield code="a">96 p. : </subfield>
      <subfield code="a">154 p. : </subfield>
      <subfield code="a">106 p. : </subfield>
      <subfield code="a">203 p. : </subfield>
      <subfield code="a">194 p. : </subfield>
      <subfield code="a">508 p. : </subfield>
      <subfield code="a">351 p., [24] h. : </subfield>
      <subfield code="b">il., láms. ; </subfield>
      <subfield code="a">159 p. : </subfield>
      <subfield code="b">il. ; </subfield>
      <subfield code="a">130 p. : </subfield>
      <subfield code="a">542 p. : </subfield>
      <subfield code="a">140 p. : </subfield>
      <subfield code="a">118 p. : </subfield>
      <subfield code="a">103 p. : </subfield>
      <subfield code="a">v. : </subfield>
      <subfield code="a">134 p. : </subfield>
      <subfield code="b">il. ; </subfield>
      <subfield code="a">231 p. : </subfield>
      <subfield code="a">153 p. : </subfield>
      <subfield code="a">87 p. : </subfield>
      <subfield code="a">300 p. : </subfield>
      <subfield code="a">305 p. : </subfield>
      <subfield code="a">370 p. : </subfield>
      <subfield code="b">il. ; </subfield>
      <subfield code="a">284 p. : </subfield>
      <subfield code="a">632 p. : </subfield>
      <subfield code="b">il. ; </subfield>
      <subfield code="a">182 p. : </subfield>
      <subfield code="a">373 p. : </subfield>
      <subfield code="a">118 p. : </subfield>
      <subfield code="a">2 v. : </subfield>
      <subfield code="a">xxvii, 336 p. : </subfield>
      <subfield code="a">ciii, 407 p. : </subfield>
      <subfield code="a">127 p. : </subfield>
      <subfield code="a">281 p : </subfield>
      <subfield code="a">204 p. : </subfield>
      <subfield code="a">279 p. : </subfield>
      <subfield code="a">viii, 239 p. : </subfield>
      <subfield code="a">308 p. : </subfield>
      <subfield code="a">vii, 59 p. : </subfield>
      <subfield code="b">il. ; </subfield>
      <subfield code="a">63 p. : </subfield>
      <subfield code="a">127 p. : </subfield>
      <subfield code="a">v. : </subfield>
      <subfield code="b">il. ; </subfield>
      <subfield code="a">xiii, 110 p. : </subfield>
      <subfield code="b">il. ; </subfield>
      <subfield code="a">287 p. : </subfield>
      <subfield code="b">il. ; </subfield>
      <subfield code="a">514 p. : </subfield>
      <subfield code="b">il. ; </subfield>
      <subfield code="a">[110] h. : </subfield>
      <subfield code="b">il. ; </subfield>
      <subfield code="a">157 p. : </subfield>
      <subfield code="a">261 p. : </subfield>
      <subfield code="a">46 p. : </subfield>
      <subfield code="b">il. ; </subfield>
      <subfield code="a">239 p. : </subfield>
      <subfield code="b">il. ; </subfield>
      <subfield code="a">206 p. : </subfield>
      <subfield code="b">il. ; </subfield>
      <subfield code="a">213 p. : </subfield>
      <subfield code="a">117 p. : </subfield>
      <subfield code="a">322 p. : </subfield>
      <subfield code="a">140 p. : </subfield>
      <subfield code="a">124 p. : </subfield>
      <subfield code="a">v. : </subfield>
      <subfield code="a">xv, 375 p. : </subfield>
      <subfield code="b">il. ; </subfield>
      <subfield code="a">571 p. : </subfield>
      <subfield code="b">il. ; </subfield>
      <subfield code="a">xxiii, 437 p. : </subfield>
      <subfield code="b">il. ; </subfield>
      <subfield code="a">xxi, [886] p. en varias paginaciones : </subfield>
      <subfield code="b">il. ; </subfield>
      <subfield code="a">179 p. : </subfield>
      <subfield code="b">il. ; </subfield>
      <subfield code="a">viii, 127 p. : </subfield>
      <subfield code="b">il. ; </subfield>
      <subfield code="a">xvi, 339 p. : </subfield>
      <subfield code="b">il. ; </subfield>
      <subfield code="a">21 p. : </subfield>
      <subfield code="b">il. ; </subfield>
      <subfield code="e">[1] h. plegs. de láms.</subfield>
    </datafield>
    <datafield tag="650" ind1=" " ind2=" ">
      <subfield code="a"> POZOS DE PETROLEO</subfield>
    </datafield>
    <datafield tag="650" ind1=" " ind2=" ">
      <subfield code="a"> YACIMIENTOS PETROLIFEROS</subfield>
    </datafield>
    <datafield tag="650" ind1=" " ind2=" ">
      <subfield code="a"> INDUSTRIA PETROLERA</subfield>
    </datafield>
    <datafield tag="650" ind1=" " ind2=" ">
      <subfield code="a"> TECNOLOGIA DEL PETROLEO</subfield>
    </datafield>
    <datafield tag="942" ind1=" " ind2=" ">
      <subfield code="c">BK</subfield>
    </datafield>
    <datafield tag="952" ind1=" " ind2=" ">
      <subfield code="a">BIB_RECT</subfield>
      <subfield code="b">BIB_UACO</subfield>
      <subfield code="d">2014-08-27</subfield>
      <subfield code="y">BK</subfield>
      <subfield code="p">02-02479</subfield>
      <subfield code="i">02-02479</subfield>
      <subfield code="g">30</subfield>
      <subfield code="o">F553.982 L259ap</subfield>
      <subfield code="e">Donación</subfield>
      <subfield code="8">CG</subfield>
    </datafield>
  </record>