
  <record>
    <leader>01000aam  22002601a 4500</leader>
    <controlfield tag="001">YPZ98860</controlfield>
    <controlfield tag="003">YPZ</controlfield>
    <controlfield tag="005">201409081023370</controlfield>
    <controlfield tag="008">140908|###########||||||b||||||||||spa|d</controlfield>
    <datafield tag="040" ind1=" " ind2=" ">
      <subfield code="c">SIUNPA</subfield>
    </datafield>
    <datafield tag="041" ind1=" " ind2=" ">
      <subfield code="a">spa</subfield>
    </datafield>
    <datafield tag="044" ind1=" " ind2=" ">
      <subfield code="a">MX</subfield>
    </datafield>
    <datafield tag="080" ind1=" " ind2=" ">
      <subfield code="a">94'04/14' P667h10</subfield>
    </datafield>
    <datafield tag="100" ind1=" " ind2=" ">
      <subfield code="a">Pirenne, Henri.</subfield>
    </datafield>
    <datafield tag="245" ind1=" " ind2=" ">
      <subfield code="a">Historia económica y social de la Edad Media</subfield>
      <subfield code="c"> / Werveke, H. van, anexo bibliog. y crítico de ; Echavarría, Salvador, tr. ; Soler-Vinyes, Martí, tr.</subfield>
    </datafield>
    <datafield tag="250" ind1=" " ind2=" ">
      <subfield code="a">10a ed. en español</subfield>
    </datafield>
    <datafield tag="260" ind1=" " ind2=" ">
      <subfield code="a">México, D.F.</subfield>
      <subfield code="b"> : Fondo de Cultura Económica</subfield>
      <subfield code="c"> , 1966</subfield>
    </datafield>
    <datafield tag="650" ind1=" " ind2=" ">
      <subfield code="a"> HISTORIA MEDIEVAL</subfield>
    </datafield>
    <datafield tag="650" ind1=" " ind2=" ">
      <subfield code="a"> HISTORIA ECONOMICA</subfield>
    </datafield>
    <datafield tag="942" ind1=" " ind2=" ">
      <subfield code="c">BK</subfield>
    </datafield>
    <datafield tag="952" ind1=" " ind2=" ">
      <subfield code="a">BIB_RECT</subfield>
      <subfield code="b">BIB_UARG</subfield>
      <subfield code="d">2014-09-08</subfield>
      <subfield code="y">BK</subfield>
      <subfield code="p">05-46487</subfield>
      <subfield code="i">05-46487</subfield>
      <subfield code="g">35</subfield>
      <subfield code="o">94'04/14' P667h10</subfield>
      <subfield code="e">Donación Artesi, Liliana</subfield>
      <subfield code="8">CG</subfield>
    </datafield>
  </record>