
  <record>
    <leader>01000aam  22002601a 4500</leader>
    <controlfield tag="001">YPZ98896</controlfield>
    <controlfield tag="003">YPZ</controlfield>
    <controlfield tag="005">201409151215170</controlfield>
    <controlfield tag="008">140915|###########||||||b||||||||||spa|d</controlfield>
    <datafield tag="020" ind1=" " ind2=" ">
      <subfield code="a">9789509445994</subfield>
    </datafield>
    <datafield tag="040" ind1=" " ind2=" ">
      <subfield code="c">SIUNPA</subfield>
    </datafield>
    <datafield tag="041" ind1=" " ind2=" ">
      <subfield code="a">spa</subfield>
    </datafield>
    <datafield tag="044" ind1=" " ind2=" ">
      <subfield code="a">AR</subfield>
    </datafield>
    <datafield tag="080" ind1=" " ind2=" ">
      <subfield code="a">658.3 H366f</subfield>
    </datafield>
    <datafield tag="100" ind1=" " ind2=" ">
      <subfield code="a">Hatum, Andrés.</subfield>
    </datafield>
    <datafield tag="245" ind1=" " ind2=" ">
      <subfield code="a">El futuro del talento</subfield>
      <subfield code="b"> : gestión del talento para sobrevivir la crisis</subfield>
      <subfield code="c"> / Ghelfi, Emilia, tr.</subfield>
    </datafield>
    <datafield tag="250" ind1=" " ind2=" ">
      <subfield code="a">1a ed.</subfield>
    </datafield>
    <datafield tag="260" ind1=" " ind2=" ">
      <subfield code="a">Buenos Aires</subfield>
      <subfield code="b"> : Temas</subfield>
      <subfield code="c"> , 2011</subfield>
    </datafield>
    <datafield tag="650" ind1=" " ind2=" ">
      <subfield code="a"> RECURSOS HUMANOS</subfield>
    </datafield>
    <datafield tag="650" ind1=" " ind2=" ">
      <subfield code="a"> GESTION DE PERSONAL</subfield>
    </datafield>
    <datafield tag="650" ind1=" " ind2=" ">
      <subfield code="a"> POLITICA DE PERSONAL</subfield>
    </datafield>
    <datafield tag="942" ind1=" " ind2=" ">
      <subfield code="c">BK</subfield>
    </datafield>
    <datafield tag="952" ind1=" " ind2=" ">
      <subfield code="a">BIB_RECT</subfield>
      <subfield code="b">BIB_UACO</subfield>
      <subfield code="d">2014-09-15</subfield>
      <subfield code="y">BK</subfield>
      <subfield code="p">02-46542</subfield>
      <subfield code="i">02-46542</subfield>
      <subfield code="g">110</subfield>
      <subfield code="o">658.3 H366f</subfield>
      <subfield code="e">Don. Sneibrun, Sebastián</subfield>
      <subfield code="8">CG</subfield>
    </datafield>
    <datafield tag="952" ind1=" " ind2=" ">
      <subfield code="a">BIB_RECT</subfield>
      <subfield code="b">BIB_UACO</subfield>
      <subfield code="d">2014-09-15</subfield>
      <subfield code="y">BK</subfield>
      <subfield code="p">02-46543</subfield>
      <subfield code="i">02-46543</subfield>
      <subfield code="g">110</subfield>
      <subfield code="o">658.3 H366f</subfield>
      <subfield code="e">Don. Sneibrun, Sebastián</subfield>
      <subfield code="8">CG</subfield>
    </datafield>
    <datafield tag="952" ind1=" " ind2=" ">
      <subfield code="a">BIB_RECT</subfield>
      <subfield code="b">BIB_UACO</subfield>
      <subfield code="d">2014-09-15</subfield>
      <subfield code="y">BK</subfield>
      <subfield code="p">02-46544</subfield>
      <subfield code="i">02-46544</subfield>
      <subfield code="g">110</subfield>
      <subfield code="o">658.3 H366f</subfield>
      <subfield code="e">Don. Sneibrun, Sebastián</subfield>
      <subfield code="8">CG</subfield>
    </datafield>
  </record>