
  <record>
    <leader>01000aam  22002601a 4500</leader>
    <controlfield tag="001">YPZ98917</controlfield>
    <controlfield tag="003">YPZ</controlfield>
    <controlfield tag="005">201409220953250</controlfield>
    <controlfield tag="008">140922|###########||||||b||||||||||spa|d</controlfield>
    <datafield tag="040" ind1=" " ind2=" ">
      <subfield code="c">SIUNPA</subfield>
    </datafield>
    <datafield tag="041" ind1=" " ind2=" ">
      <subfield code="a">ita</subfield>
    </datafield>
    <datafield tag="044" ind1=" " ind2=" ">
      <subfield code="a">IT</subfield>
    </datafield>
    <datafield tag="080" ind1=" " ind2=" ">
      <subfield code="a">616.4 P397e4</subfield>
    </datafield>
    <datafield tag="100" ind1=" " ind2=" ">
      <subfield code="a">Pende, Nicola.</subfield>
    </datafield>
    <datafield tag="245" ind1=" " ind2=" ">
      <subfield code="a">Endocrinología</subfield>
      <subfield code="b"> : patalogía e clínica degli organi a secrezione interna</subfield>
      <subfield code="c"> / Viola, G., con el pref. de la 1a ed. (1916)</subfield>
    </datafield>
    <datafield tag="250" ind1=" " ind2=" ">
      <subfield code="a">4 ed. complet. rev. y renovada</subfield>
    </datafield>
    <datafield tag="260" ind1=" " ind2=" ">
      <subfield code="a">Milán</subfield>
      <subfield code="b"> : Dottor Francesco Vallardi, ed.</subfield>
      <subfield code="c"> , 1934</subfield>
    </datafield>
    <datafield tag="500" ind1=" " ind2=" ">
      <subfield code="a">La biblioteca posee v. 2</subfield>
    </datafield>
    <datafield tag="500" ind1=" " ind2=" ">
      <subfield code="a">En portada: Opera premista  col premio Balbi-Valier del Reale Istituto Veneto di Scienze, Lettere ed Arti (1911) e colla Medaglia d'oro Guido Baccelli al Merito Clinico (1917)</subfield>
    </datafield>
    <datafield tag="650" ind1=" " ind2=" ">
      <subfield code="a"> ENDOCRINOLOGIA</subfield>
    </datafield>
    <datafield tag="650" ind1=" " ind2=" ">
      <subfield code="a"> ENFERMEDADES ENDOCRINAS</subfield>
    </datafield>
    <datafield tag="942" ind1=" " ind2=" ">
      <subfield code="c">BK</subfield>
    </datafield>
    <datafield tag="952" ind1=" " ind2=" ">
      <subfield code="a">BIB_RECT</subfield>
      <subfield code="b">BIB_UASJ</subfield>
      <subfield code="d">2014-09-22</subfield>
      <subfield code="y">BK</subfield>
      <subfield code="p">04-46552</subfield>
      <subfield code="i">04-46552</subfield>
      <subfield code="g">75</subfield>
      <subfield code="o">616.4 P397e4</subfield>
      <subfield code="e">Donación</subfield>
      <subfield code="8">CG</subfield>
    </datafield>
  </record>