
  <record>
    <leader>01000aam  22002601a 4500</leader>
    <controlfield tag="001">YPZ98918</controlfield>
    <controlfield tag="003">YPZ</controlfield>
    <controlfield tag="005">201409221031120</controlfield>
    <controlfield tag="008">140922|###########||||||b||||||||||spa|d</controlfield>
    <datafield tag="040" ind1=" " ind2=" ">
      <subfield code="c">SIUNPA</subfield>
    </datafield>
    <datafield tag="041" ind1=" " ind2=" ">
      <subfield code="a">spa</subfield>
    </datafield>
    <datafield tag="044" ind1=" " ind2=" ">
      <subfield code="a">ES</subfield>
      <subfield code="a">FR</subfield>
    </datafield>
    <datafield tag="080" ind1=" " ind2=" ">
      <subfield code="a">R159.97(031) P919p</subfield>
    </datafield>
    <datafield tag="245" ind1=" " ind2=" ">
      <subfield code="a">Praxis médica</subfield>
      <subfield code="b"> : clínica y terapéutica</subfield>
    </datafield>
    <datafield tag="260" ind1=" " ind2=" ">
      <subfield code="a">Paris</subfield>
      <subfield code="a">Madrid</subfield>
      <subfield code="b"> : Latino-Americanas</subfield>
      <subfield code="c"> , 1960</subfield>
    </datafield>
    <datafield tag="500" ind1=" " ind2=" ">
      <subfield code="a">La biblioteca posee v. 7</subfield>
    </datafield>
    <datafield tag="505" ind1=" " ind2=" ">
      <subfield code="a">Contenido: v. 7. Neurología -- Psiquiatría</subfield>
    </datafield>
    <datafield tag="650" ind1=" " ind2=" ">
      <subfield code="a"> PSICOPATOLOGIA  PSIQUIATRIA</subfield>
    </datafield>
    <datafield tag="650" ind1=" " ind2=" ">
      <subfield code="a"> SALUD MENTAL</subfield>
    </datafield>
    <datafield tag="650" ind1=" " ind2=" ">
      <subfield code="a"> NEUROLOGIA</subfield>
    </datafield>
    <datafield tag="650" ind1=" " ind2=" ">
      <subfield code="a"> ENCICLOPEDIA</subfield>
    </datafield>
    <datafield tag="942" ind1=" " ind2=" ">
      <subfield code="c">BK</subfield>
    </datafield>
    <datafield tag="952" ind1=" " ind2=" ">
      <subfield code="a">BIB_RECT</subfield>
      <subfield code="b">BIB_UASJ</subfield>
      <subfield code="d">2014-09-22</subfield>
      <subfield code="y">BK</subfield>
      <subfield code="p">04-46560</subfield>
      <subfield code="i">04-46560</subfield>
      <subfield code="g">300</subfield>
      <subfield code="o">R159.97(031) P919p</subfield>
      <subfield code="e">Donación</subfield>
      <subfield code="7">4</subfield>
      <subfield code="8">CR</subfield>
    </datafield>
  </record>