
  <record>
    <leader>01000aam  22002601a 4500</leader>
    <controlfield tag="001">YPZ99069</controlfield>
    <controlfield tag="003">YPZ</controlfield>
    <controlfield tag="005">201410070945210</controlfield>
    <controlfield tag="008">141007|###########||||||b||||||||||spa|d</controlfield>
    <datafield tag="020" ind1=" " ind2=" ">
      <subfield code="a">8469565222</subfield>
    </datafield>
    <datafield tag="020" ind1=" " ind2=" ">
      <subfield code="a">9788469565223</subfield>
    </datafield>
    <datafield tag="040" ind1=" " ind2=" ">
      <subfield code="c">SIUNPA</subfield>
    </datafield>
    <datafield tag="041" ind1=" " ind2=" ">
      <subfield code="a">spa</subfield>
    </datafield>
    <datafield tag="044" ind1=" " ind2=" ">
      <subfield code="a">ES</subfield>
    </datafield>
    <datafield tag="080" ind1=" " ind2=" ">
      <subfield code="a">338.48 N964n</subfield>
    </datafield>
    <datafield tag="245" ind1=" " ind2=" ">
      <subfield code="a">La nueva fiebre del oro</subfield>
      <subfield code="b"> : las otras ciudades del turismo en El Caribe (Varadero, Bávaro-Punta Cana)</subfield>
      <subfield code="c"> / Gónzalez Pérez, Jesús M., ed.</subfield>
    </datafield>
    <datafield tag="260" ind1=" " ind2=" ">
      <subfield code="a">Palma</subfield>
      <subfield code="b"> : Gobierno de las Islas Baleares</subfield>
      <subfield code="b"> : Universidad de las Islas Baleares, UIB</subfield>
      <subfield code="b"> : Unión Europea</subfield>
      <subfield code="c"> , 2012</subfield>
    </datafield>
    <datafield tag="650" ind1=" " ind2=" ">
      <subfield code="a"> TURISMO</subfield>
    </datafield>
    <datafield tag="650" ind1=" " ind2=" ">
      <subfield code="a"> CIUDADES </subfield>
    </datafield>
    <datafield tag="650" ind1=" " ind2=" ">
      <subfield code="a"> EL CARIBE</subfield>
    </datafield>
    <datafield tag="650" ind1=" " ind2=" ">
      <subfield code="a"> BAVARO</subfield>
    </datafield>
    <datafield tag="650" ind1=" " ind2=" ">
      <subfield code="a">PUNTA CANA</subfield>
    </datafield>
    <datafield tag="942" ind1=" " ind2=" ">
      <subfield code="c">BK</subfield>
    </datafield>
    <datafield tag="952" ind1=" " ind2=" ">
      <subfield code="a">BIB_RECT</subfield>
      <subfield code="b">BIB_UARG</subfield>
      <subfield code="d">2014-10-07</subfield>
      <subfield code="y">BK</subfield>
      <subfield code="p">05-46693</subfield>
      <subfield code="i">05-46693</subfield>
      <subfield code="g">130</subfield>
      <subfield code="o">338.48 N964n</subfield>
      <subfield code="e">Donación Cáceres, Alicia</subfield>
      <subfield code="8">CG</subfield>
    </datafield>
  </record>