
  <record>
    <leader>01000aam  22002601a 4500</leader>
    <controlfield tag="001">YPZ99072</controlfield>
    <controlfield tag="003">YPZ</controlfield>
    <controlfield tag="005">201410071251520</controlfield>
    <controlfield tag="008">141007|###########||||||b||||||||||spa|d</controlfield>
    <datafield tag="020" ind1=" " ind2=" ">
      <subfield code="a">9789873714016</subfield>
    </datafield>
    <datafield tag="040" ind1=" " ind2=" ">
      <subfield code="c">SIUNPA</subfield>
    </datafield>
    <datafield tag="041" ind1=" " ind2=" ">
      <subfield code="a">spa</subfield>
    </datafield>
    <datafield tag="044" ind1=" " ind2=" ">
      <subfield code="a">AR</subfield>
    </datafield>
    <datafield tag="080" ind1=" " ind2=" ">
      <subfield code="a">51(091)(092) G491m</subfield>
    </datafield>
    <datafield tag="100" ind1=" " ind2=" ">
      <subfield code="a">Giménez, Carlos E..</subfield>
    </datafield>
    <datafield tag="245" ind1=" " ind2=" ">
      <subfield code="a">Mujeres matemáticas</subfield>
      <subfield code="b"> : biografías de veinte mujeres matemáticas</subfield>
    </datafield>
    <datafield tag="250" ind1=" " ind2=" ">
      <subfield code="a">1a ed.</subfield>
    </datafield>
    <datafield tag="260" ind1=" " ind2=" ">
      <subfield code="a">Buenos Aires</subfield>
      <subfield code="b"> : Universidad Nacional de la Patagonia Austral, UNPAedita</subfield>
      <subfield code="c"> , 2014</subfield>
    </datafield>
    <datafield tag="650" ind1=" " ind2=" ">
      <subfield code="a"> HISTORIA DE LA MATEMATICA</subfield>
    </datafield>
    <datafield tag="650" ind1=" " ind2=" ">
      <subfield code="a"> MATEMATICAS</subfield>
    </datafield>
    <datafield tag="650" ind1=" " ind2=" ">
      <subfield code="a"> BIOGRAFIA</subfield>
    </datafield>
    <datafield tag="942" ind1=" " ind2=" ">
      <subfield code="c">BK</subfield>
    </datafield>
    <datafield tag="952" ind1=" " ind2=" ">
      <subfield code="a">BIB_RECT</subfield>
      <subfield code="b">BIB_UACO</subfield>
      <subfield code="d">2015-03-11</subfield>
      <subfield code="y">BK</subfield>
      <subfield code="p">02-47176</subfield>
      <subfield code="i">02-47176</subfield>
      <subfield code="g">70</subfield>
      <subfield code="o">51(091)(092) G491m</subfield>
      <subfield code="e">Secretaría de Extensión</subfield>
      <subfield code="8">CG</subfield>
    </datafield>
    <datafield tag="952" ind1=" " ind2=" ">
      <subfield code="a">BIB_RECT</subfield>
      <subfield code="b">BIB_UACO</subfield>
      <subfield code="d">2015-03-11</subfield>
      <subfield code="y">BK</subfield>
      <subfield code="p">02-47177</subfield>
      <subfield code="i">02-47177</subfield>
      <subfield code="g">70</subfield>
      <subfield code="o">51(091)(092) G491m</subfield>
      <subfield code="e">Secretaría de Extensión</subfield>
      <subfield code="8">CG</subfield>
    </datafield>
    <datafield tag="952" ind1=" " ind2=" ">
      <subfield code="a">BIB_RECT</subfield>
      <subfield code="b">BIB_UACO</subfield>
      <subfield code="d">2015-03-11</subfield>
      <subfield code="y">BK</subfield>
      <subfield code="p">02-47178</subfield>
      <subfield code="i">02-47178</subfield>
      <subfield code="g">70</subfield>
      <subfield code="o">51(091)(092) G491m</subfield>
      <subfield code="e">Secretaría de Extensión</subfield>
      <subfield code="8">CG</subfield>
    </datafield>
    <datafield tag="952" ind1=" " ind2=" ">
      <subfield code="a">BIB_RECT</subfield>
      <subfield code="b">BIB_UART</subfield>
      <subfield code="d">2015-03-11</subfield>
      <subfield code="y">BK</subfield>
      <subfield code="p">03-47188</subfield>
      <subfield code="i">03-47188</subfield>
      <subfield code="g">70</subfield>
      <subfield code="o">51(091)(092) G491m</subfield>
      <subfield code="e">Secretaría de Extensión</subfield>
      <subfield code="8">CG</subfield>
    </datafield>
    <datafield tag="952" ind1=" " ind2=" ">
      <subfield code="a">BIB_RECT</subfield>
      <subfield code="b">BIB_UART</subfield>
      <subfield code="d">2015-03-11</subfield>
      <subfield code="y">BK</subfield>
      <subfield code="p">03-47189</subfield>
      <subfield code="i">03-47189</subfield>
      <subfield code="g">70</subfield>
      <subfield code="o">51(091)(092) G491m</subfield>
      <subfield code="e">Secretaría de Extensión</subfield>
      <subfield code="8">CG</subfield>
    </datafield>
    <datafield tag="952" ind1=" " ind2=" ">
      <subfield code="a">BIB_RECT</subfield>
      <subfield code="b">BIB_UART</subfield>
      <subfield code="d">2015-03-11</subfield>
      <subfield code="y">BK</subfield>
      <subfield code="p">03-47190</subfield>
      <subfield code="i">03-47190</subfield>
      <subfield code="g">70</subfield>
      <subfield code="o">51(091)(092) G491m</subfield>
      <subfield code="e">Secretaría de Extensión</subfield>
      <subfield code="8">CG</subfield>
    </datafield>
    <datafield tag="952" ind1=" " ind2=" ">
      <subfield code="a">BIB_RECT</subfield>
      <subfield code="b">BIB_UASJ</subfield>
      <subfield code="d">2015-03-12</subfield>
      <subfield code="y">BK</subfield>
      <subfield code="p">04-47200</subfield>
      <subfield code="i">04-47200</subfield>
      <subfield code="g">70</subfield>
      <subfield code="o">51(091)(092) G491m</subfield>
      <subfield code="e">Secretaría de Extensión</subfield>
      <subfield code="8">CG</subfield>
    </datafield>
    <datafield tag="952" ind1=" " ind2=" ">
      <subfield code="a">BIB_RECT</subfield>
      <subfield code="b">BIB_UASJ</subfield>
      <subfield code="d">2015-03-12</subfield>
      <subfield code="y">BK</subfield>
      <subfield code="p">04-47201</subfield>
      <subfield code="i">04-47201</subfield>
      <subfield code="g">70</subfield>
      <subfield code="o">51(091)(092) G491m</subfield>
      <subfield code="e">Secretaría de Extensión</subfield>
      <subfield code="8">CG</subfield>
    </datafield>
    <datafield tag="952" ind1=" " ind2=" ">
      <subfield code="a">BIB_RECT</subfield>
      <subfield code="b">BIB_UASJ</subfield>
      <subfield code="d">2015-03-12</subfield>
      <subfield code="y">BK</subfield>
      <subfield code="p">04-47202</subfield>
      <subfield code="i">04-47202</subfield>
      <subfield code="g">70</subfield>
      <subfield code="o">51(091)(092) G491m</subfield>
      <subfield code="e">Secretaría de Extensión</subfield>
      <subfield code="8">CG</subfield>
    </datafield>
    <datafield tag="952" ind1=" " ind2=" ">
      <subfield code="a">BIB_RECT</subfield>
      <subfield code="b">BIB_UARG</subfield>
      <subfield code="d">2014-10-07</subfield>
      <subfield code="y">BK</subfield>
      <subfield code="p">05-46683</subfield>
      <subfield code="i">05-46683</subfield>
      <subfield code="g">70</subfield>
      <subfield code="o">51(091)(092) G491m</subfield>
      <subfield code="e">Barbieri, Virginia|Melgarejo</subfield>
      <subfield code="8">CG</subfield>
    </datafield>
    <datafield tag="952" ind1=" " ind2=" ">
      <subfield code="a">BIB_RECT</subfield>
      <subfield code="b">BIB_UARG</subfield>
      <subfield code="d">2014-10-07</subfield>
      <subfield code="y">BK</subfield>
      <subfield code="p">05-46684</subfield>
      <subfield code="i">05-46684</subfield>
      <subfield code="g">70</subfield>
      <subfield code="o">51(091)(092) G491m</subfield>
      <subfield code="e">Barbieri, Virginia|Melgarejo</subfield>
      <subfield code="8">CG</subfield>
    </datafield>
    <datafield tag="952" ind1=" " ind2=" ">
      <subfield code="a">BIB_RECT</subfield>
      <subfield code="b">BIB_UARG</subfield>
      <subfield code="d">2015-03-12</subfield>
      <subfield code="y">BK</subfield>
      <subfield code="p">05-47212</subfield>
      <subfield code="i">05-47212</subfield>
      <subfield code="g">70</subfield>
      <subfield code="o">51(091)(092) G491m</subfield>
      <subfield code="e">Secretaría de Extensión</subfield>
      <subfield code="8">CG</subfield>
    </datafield>
    <datafield tag="952" ind1=" " ind2=" ">
      <subfield code="a">BIB_RECT</subfield>
      <subfield code="b">BIB_UARG</subfield>
      <subfield code="d">2015-03-12</subfield>
      <subfield code="y">BK</subfield>
      <subfield code="p">05-47213</subfield>
      <subfield code="i">05-47213</subfield>
      <subfield code="g">70</subfield>
      <subfield code="o">51(091)(092) G491m</subfield>
      <subfield code="e">Secretaría de Extensión</subfield>
      <subfield code="8">CG</subfield>
    </datafield>
    <datafield tag="952" ind1=" " ind2=" ">
      <subfield code="a">BIB_RECT</subfield>
      <subfield code="b">BIB_UARG</subfield>
      <subfield code="d">2015-03-12</subfield>
      <subfield code="y">BK</subfield>
      <subfield code="p">05-47214</subfield>
      <subfield code="i">05-47214</subfield>
      <subfield code="g">70</subfield>
      <subfield code="o">51(091)(092) G491m</subfield>
      <subfield code="e">Secretaría de Extensión</subfield>
      <subfield code="8">CG</subfield>
    </datafield>
    <datafield tag="952" ind1=" " ind2=" ">
      <subfield code="a">BIB_RECT</subfield>
      <subfield code="b">SAT_TRUN</subfield>
      <subfield code="d">2015-03-12</subfield>
      <subfield code="y">BK</subfield>
      <subfield code="p">10-47224</subfield>
      <subfield code="i">10-47224</subfield>
      <subfield code="g">70</subfield>
      <subfield code="o">51(091)(092) G491m</subfield>
      <subfield code="e">Secretaría de Extensión</subfield>
      <subfield code="8">CG</subfield>
    </datafield>
    <datafield tag="952" ind1=" " ind2=" ">
      <subfield code="a">BIB_RECT</subfield>
      <subfield code="b">SAT_PBNA</subfield>
      <subfield code="d">2015-03-12</subfield>
      <subfield code="y">BK</subfield>
      <subfield code="p">11-47228</subfield>
      <subfield code="i">11-47228</subfield>
      <subfield code="g">70</subfield>
      <subfield code="o">51(091)(092) G491m</subfield>
      <subfield code="e">Secretaría de Extensión</subfield>
      <subfield code="8">CG</subfield>
    </datafield>
    <datafield tag="952" ind1=" " ind2=" "/>
    <datafield tag="952" ind1=" " ind2=" "/>
    <datafield tag="952" ind1=" " ind2=" ">
      <subfield code="a">BIB_RECT</subfield>
      <subfield code="b">SAT_PDES</subfield>
      <subfield code="d">2015-03-12</subfield>
      <subfield code="y">BK</subfield>
      <subfield code="p">16-47240</subfield>
      <subfield code="i">16-47240</subfield>
      <subfield code="g">70</subfield>
      <subfield code="o">51(091)(092) G491m</subfield>
      <subfield code="e">Secretaría de Extensión</subfield>
      <subfield code="8">CG</subfield>
    </datafield>
    <datafield tag="952" ind1=" " ind2=" "/>
    <datafield tag="952" ind1=" " ind2=" ">
      <subfield code="a">BIB_RECT</subfield>
      <subfield code="b">SAT_GREG</subfield>
      <subfield code="d">2015-03-12</subfield>
      <subfield code="y">BK</subfield>
      <subfield code="p">18-47248</subfield>
      <subfield code="i">18-47248</subfield>
      <subfield code="g">70</subfield>
      <subfield code="o">51(091)(092) G491m</subfield>
      <subfield code="e">Secretaría de Extensión</subfield>
      <subfield code="8">CG</subfield>
    </datafield>
    <datafield tag="952" ind1=" " ind2=" "/>
  </record>