
  <record>
    <leader>01000aam  22002601a 4500</leader>
    <controlfield tag="001">YPZ99078</controlfield>
    <controlfield tag="003">YPZ</controlfield>
    <controlfield tag="005">201410081452100</controlfield>
    <controlfield tag="008">141008|###########||||||b||||||||||spa|d</controlfield>
    <datafield tag="020" ind1=" " ind2=" ">
      <subfield code="a">9789872158163</subfield>
    </datafield>
    <datafield tag="040" ind1=" " ind2=" ">
      <subfield code="c">SIUNPA</subfield>
    </datafield>
    <datafield tag="041" ind1=" " ind2=" ">
      <subfield code="a">spa</subfield>
    </datafield>
    <datafield tag="044" ind1=" " ind2=" ">
      <subfield code="a">AR</subfield>
    </datafield>
    <datafield tag="080" ind1=" " ind2=" ">
      <subfield code="a">911.3 M671m</subfield>
    </datafield>
    <datafield tag="245" ind1=" " ind2=" ">
      <subfield code="a">Miradas geográficas de la Patagonia</subfield>
      <subfield code="b"> : encuentros con la investigación y la docencia</subfield>
      <subfield code="c"> / Monti, Alejandro, coord. ; Alcarraz, Gladys, coord. ; Ferrari, María Paula, coord.</subfield>
    </datafield>
    <datafield tag="260" ind1=" " ind2=" ">
      <subfield code="a">Trelew</subfield>
      <subfield code="b"> : Universidad Nacional de la Patagonia San Juan Bosco, Facultad de Humanidades y Ciencias Sociales, Secretaría de Investigación y Posgrado, Instituto de Investigaciones Geográficas de la Patagonia</subfield>
      <subfield code="b"> : EDUPA</subfield>
      <subfield code="b"> : IGEOPAT</subfield>
      <subfield code="c"> , 2012</subfield>
    </datafield>
    <datafield tag="500" ind1=" " ind2=" ">
      <subfield code="a">En portada: Libro conmemoración de los 10 años de investigación en el Instituto de Investigaciones Geográficas de la Patagonia</subfield>
    </datafield>
    <datafield tag="650" ind1=" " ind2=" ">
      <subfield code="a"> AREAS URBANAS</subfield>
    </datafield>
    <datafield tag="650" ind1=" " ind2=" ">
      <subfield code="a"> AREAS RURALES</subfield>
    </datafield>
    <datafield tag="650" ind1=" " ind2=" ">
      <subfield code="a"> PLANIFICACION URBANA</subfield>
    </datafield>
    <datafield tag="942" ind1=" " ind2=" ">
      <subfield code="c">BK</subfield>
    </datafield>
    <datafield tag="952" ind1=" " ind2=" ">
      <subfield code="a">BIB_RECT</subfield>
      <subfield code="b">BIB_UARG</subfield>
      <subfield code="d">2014-10-03</subfield>
      <subfield code="y">BK</subfield>
      <subfield code="p">05-46692</subfield>
      <subfield code="i">05-46692</subfield>
      <subfield code="g">120</subfield>
      <subfield code="o">911.3 M671m</subfield>
      <subfield code="e">Donación Cáceres, Alicia</subfield>
      <subfield code="8">CG</subfield>
    </datafield>
    <datafield tag="952" ind1=" " ind2=" ">
      <subfield code="a">BIB_RECT</subfield>
      <subfield code="b">BIB_UARG</subfield>
      <subfield code="d">2015-02-18</subfield>
      <subfield code="y">BK</subfield>
      <subfield code="p">05-47076</subfield>
      <subfield code="i">05-47076</subfield>
      <subfield code="g">120</subfield>
      <subfield code="o">911.3 M671m</subfield>
      <subfield code="e">Donación Monti, Alejandro</subfield>
      <subfield code="8">CG</subfield>
    </datafield>
  </record>