
  <record>
    <leader>01000aam  22002601a 4500</leader>
    <controlfield tag="001">YPZ99141</controlfield>
    <controlfield tag="003">YPZ</controlfield>
    <controlfield tag="005">201410171456090</controlfield>
    <controlfield tag="008">141017|###########||||||b||||||||||spa|d</controlfield>
    <datafield tag="040" ind1=" " ind2=" ">
      <subfield code="c">SIUNPA</subfield>
    </datafield>
    <datafield tag="041" ind1=" " ind2=" ">
      <subfield code="a">spa</subfield>
    </datafield>
    <datafield tag="044" ind1=" " ind2=" ">
      <subfield code="a">AR</subfield>
    </datafield>
    <datafield tag="080" ind1=" " ind2=" ">
      <subfield code="a">R661.15 G93g16</subfield>
    </datafield>
    <datafield tag="110" ind1=" " ind2=" ">
      <subfield code="a">Cámara de Sanidad Agropecuaria y Fertilizantes (Buenos Aires).</subfield>
    </datafield>
    <datafield tag="245" ind1=" " ind2=" ">
      <subfield code="a">Guía de productos fitosanitarios para la República Argentina</subfield>
      <subfield code="b"> : edición 2013/2015</subfield>
    </datafield>
    <datafield tag="250" ind1=" " ind2=" ">
      <subfield code="a">16a ed.</subfield>
    </datafield>
    <datafield tag="260" ind1=" " ind2=" ">
      <subfield code="a">Buenos Aires</subfield>
      <subfield code="b"> : Cámara de Sanidad Agropecuaria y Fertilizantes, CASAFE</subfield>
      <subfield code="c"> , 2013</subfield>
    </datafield>
    <datafield tag="300" ind1=" " ind2=" ">
      <subfield code="a">liv, 728 p. : </subfield>
      <subfield code="b">il. ; </subfield>
      <subfield code="a">391 p. : </subfield>
      <subfield code="b">il. ; </subfield>
      <subfield code="a">139 p. : </subfield>
      <subfield code="b">il. ; </subfield>
      <subfield code="a">332 p. : </subfield>
      <subfield code="b">il. ; </subfield>
      <subfield code="a">xcvi, 1185 p. : </subfield>
      <subfield code="b">il. ; </subfield>
      <subfield code="e">1 CD-ROM en bolsillo</subfield>
    </datafield>
    <datafield tag="500" ind1=" " ind2=" ">
      <subfield code="a">En portada: Productos A-Z</subfield>
    </datafield>
    <datafield tag="650" ind1=" " ind2=" ">
      <subfield code="a"> PRODUCTOS QUIMICOS AGRICOLAS</subfield>
    </datafield>
    <datafield tag="942" ind1=" " ind2=" ">
      <subfield code="c">BK</subfield>
    </datafield>
    <datafield tag="952" ind1=" " ind2=" ">
      <subfield code="a">BIB_RECT</subfield>
      <subfield code="b">BIB_UART</subfield>
      <subfield code="d">2014-10-17</subfield>
      <subfield code="y">BK</subfield>
      <subfield code="p">03-46807</subfield>
      <subfield code="i">03-46807</subfield>
      <subfield code="g">2340</subfield>
      <subfield code="o">R661.15 G93g16</subfield>
      <subfield code="e">Compra SIUNPA</subfield>
      <subfield code="7">4</subfield>
      <subfield code="8">CR</subfield>
    </datafield>
  </record>