
  <record>
    <leader>01000aam  22002601a 4500</leader>
    <controlfield tag="001">YPZ99163</controlfield>
    <controlfield tag="003">YPZ</controlfield>
    <controlfield tag="005">201410221341190</controlfield>
    <controlfield tag="008">141022|###########||||||b||||||||||spa|d</controlfield>
    <datafield tag="040" ind1=" " ind2=" ">
      <subfield code="c">SIUNPA</subfield>
    </datafield>
    <datafield tag="041" ind1=" " ind2=" ">
      <subfield code="a">spa</subfield>
    </datafield>
    <datafield tag="044" ind1=" " ind2=" ">
      <subfield code="a">ES</subfield>
    </datafield>
    <datafield tag="080" ind1=" " ind2=" ">
      <subfield code="a">519.8 R624i</subfield>
    </datafield>
    <datafield tag="100" ind1=" " ind2=" ">
      <subfield code="a">Rivett, Patrick.</subfield>
    </datafield>
    <datafield tag="245" ind1=" " ind2=" ">
      <subfield code="a">La investigación operacional</subfield>
      <subfield code="c"> / Arau, ramón, tr.</subfield>
    </datafield>
    <datafield tag="260" ind1=" " ind2=" ">
      <subfield code="a">Barcelona</subfield>
      <subfield code="b"> : Labor</subfield>
      <subfield code="c"> , 1971</subfield>
    </datafield>
    <datafield tag="440" ind1=" " ind2=" ">
      <subfield code="a">Espejo de la Argentina</subfield>
      <subfield code="a">Espasa hoy</subfield>
      <subfield code="a">Espejo de la Argentina</subfield>
      <subfield code="a">Colección cuadernos de cátedra</subfield>
      <subfield code="a">Madera y mueble</subfield>
      <subfield code="a">Manuales USERS</subfield>
      <subfield code="a">Arte para todos / Libros de América</subfield>
      <subfield code="a">Colección ensayos</subfield>
      <subfield code="a">Nueva colección labor</subfield>
      <subfield code="v">130</subfield>
    </datafield>
    <datafield tag="490" ind1=" " ind2=" ">
      <subfield code="a">Espejo de la Argentina</subfield>
      <subfield code="a">Espasa hoy</subfield>
      <subfield code="a">Espejo de la Argentina</subfield>
      <subfield code="a">Colección cuadernos de cátedra</subfield>
      <subfield code="a">Madera y mueble</subfield>
      <subfield code="a">Manuales USERS</subfield>
      <subfield code="a">Arte para todos / Libros de América</subfield>
      <subfield code="a">Colección ensayos</subfield>
      <subfield code="a">Nueva colección labor</subfield>
      <subfield code="v">130</subfield>
    </datafield>
    <datafield tag="650" ind1=" " ind2=" ">
      <subfield code="a"> INVESTIGACION OPERATIVA</subfield>
    </datafield>
    <datafield tag="942" ind1=" " ind2=" ">
      <subfield code="c">BK</subfield>
    </datafield>
    <datafield tag="952" ind1=" " ind2=" ">
      <subfield code="a">BIB_RECT</subfield>
      <subfield code="b">BIB_UARG</subfield>
      <subfield code="d">2014-10-22</subfield>
      <subfield code="y">BK</subfield>
      <subfield code="p">05-46836</subfield>
      <subfield code="i">05-46836</subfield>
      <subfield code="g">50</subfield>
      <subfield code="o">519.8 R624i</subfield>
      <subfield code="e">Donación</subfield>
      <subfield code="8">CG</subfield>
    </datafield>
  </record>