
  <record>
    <leader>01000aam  22002601a 4500</leader>
    <controlfield tag="001">YPZ99170</controlfield>
    <controlfield tag="003">YPZ</controlfield>
    <controlfield tag="005">201410221436440</controlfield>
    <controlfield tag="008">141022|###########||||||b||||||||||spa|d</controlfield>
    <datafield tag="020" ind1=" " ind2=" ">
      <subfield code="a">9505822414</subfield>
    </datafield>
    <datafield tag="040" ind1=" " ind2=" ">
      <subfield code="c">SIUNPA</subfield>
    </datafield>
    <datafield tag="041" ind1=" " ind2=" ">
      <subfield code="a">spa</subfield>
    </datafield>
    <datafield tag="044" ind1=" " ind2=" ">
      <subfield code="a">AR</subfield>
    </datafield>
    <datafield tag="080" ind1=" " ind2=" ">
      <subfield code="a">159.922.7 E816e</subfield>
    </datafield>
    <datafield tag="100" ind1=" " ind2=" ">
      <subfield code="a">Matas, Susana.</subfield>
    </datafield>
    <datafield tag="700" ind1=" " ind2=" ">
      <subfield code="a">M. de Mulvey, Maureen.</subfield>
    </datafield>
    <datafield tag="700" ind1=" " ind2=" ">
      <subfield code="a">Paone, Silvana.</subfield>
    </datafield>
    <datafield tag="700" ind1=" " ind2=" ">
      <subfield code="a">Segura de Frías, Elena.</subfield>
    </datafield>
    <datafield tag="700" ind1=" " ind2=" ">
      <subfield code="a">Tapia, Liliana.</subfield>
    </datafield>
    <datafield tag="245" ind1=" " ind2=" ">
      <subfield code="a">Estimulación temprana</subfield>
      <subfield code="b"> : de 0 a 36 meses favoreciendo el desarrollo</subfield>
      <subfield code="c"> / Friedler, Sylvia, il. ; Lattaro, Oreste H., il. ; Mussano, Edith, corrección ; Dubini, Osvaldo, coord. y producción</subfield>
    </datafield>
    <datafield tag="260" ind1=" " ind2=" ">
      <subfield code="a">Buenos Aires</subfield>
      <subfield code="b"> : Hvmanitas</subfield>
      <subfield code="c"> , 1988</subfield>
    </datafield>
    <datafield tag="650" ind1=" " ind2=" ">
      <subfield code="a"> ESTIMULACION PRECOZ</subfield>
    </datafield>
    <datafield tag="650" ind1=" " ind2=" ">
      <subfield code="a"> PSICOLOGIA DEL DESARROLLO</subfield>
    </datafield>
    <datafield tag="650" ind1=" " ind2=" ">
      <subfield code="a"> PSICOLOGIA INFANTIL</subfield>
    </datafield>
    <datafield tag="942" ind1=" " ind2=" ">
      <subfield code="c">BK</subfield>
    </datafield>
    <datafield tag="952" ind1=" " ind2=" ">
      <subfield code="a">BIB_RECT</subfield>
      <subfield code="b">BIB_UARG</subfield>
      <subfield code="d">2014-10-22</subfield>
      <subfield code="y">BK</subfield>
      <subfield code="p">05-46831</subfield>
      <subfield code="i">05-46831</subfield>
      <subfield code="g">60</subfield>
      <subfield code="o">159.922.7 E816e</subfield>
      <subfield code="e">Donación Gabrielloni, Ricardo</subfield>
      <subfield code="8">CG</subfield>
    </datafield>
  </record>