
  <record>
    <leader>01000aam  22002601a 4500</leader>
    <controlfield tag="001">YPZ99194</controlfield>
    <controlfield tag="003">YPZ</controlfield>
    <controlfield tag="005">201410241300430</controlfield>
    <controlfield tag="008">141024|###########||||||b||||||||||spa|d</controlfield>
    <datafield tag="040" ind1=" " ind2=" ">
      <subfield code="c">SIUNPA</subfield>
    </datafield>
    <datafield tag="041" ind1=" " ind2=" ">
      <subfield code="a">spa</subfield>
    </datafield>
    <datafield tag="044" ind1=" " ind2=" ">
      <subfield code="a">ES</subfield>
    </datafield>
    <datafield tag="080" ind1=" " ind2=" ">
      <subfield code="a">R030 E561e</subfield>
    </datafield>
    <datafield tag="245" ind1=" " ind2=" ">
      <subfield code="a">Enciclopedia vniversal ilvstrada</subfield>
      <subfield code="b"> : evropeo-americana</subfield>
    </datafield>
    <datafield tag="260" ind1=" " ind2=" ">
      <subfield code="a">Madrid</subfield>
      <subfield code="b"> : Espasa-Calpe</subfield>
      <subfield code="c"> , c1908</subfield>
    </datafield>
    <datafield tag="500" ind1=" " ind2=" ">
      <subfield code="a">La biblioteca posee varias reimpresiones</subfield>
    </datafield>
    <datafield tag="500" ind1=" " ind2=" ">
      <subfield code="a">En portada: Etimologías,  sánscrito,  hebreo,  griego,  latín,  árabe,  lenguas indígenas americanas, et.</subfield>
    </datafield>
    <datafield tag="500" ind1=" " ind2=" ">
      <subfield code="a">Versiones de la mayoría de las voces en: francés, italiano, inglés, alemán, portugués, catalán, esperanto</subfield>
    </datafield>
    <datafield tag="650" ind1=" " ind2=" ">
      <subfield code="a"> ENCICLOPEDIA</subfield>
    </datafield>
    <datafield tag="650" ind1=" " ind2=" ">
      <subfield code="a"> MATERIAL DE REFERENCIA</subfield>
    </datafield>
    <datafield tag="942" ind1=" " ind2=" ">
      <subfield code="c">BK</subfield>
    </datafield>
    <datafield tag="952" ind1=" " ind2=" ">
      <subfield code="a">BIB_RECT</subfield>
      <subfield code="b">BIB_UARG</subfield>
      <subfield code="d">2014-10-24</subfield>
      <subfield code="y">BK</subfield>
      <subfield code="p">05-01463</subfield>
      <subfield code="i">05-01463</subfield>
      <subfield code="g">250</subfield>
      <subfield code="o">R030 E561e</subfield>
      <subfield code="e">UARG</subfield>
      <subfield code="8">CG</subfield>
    </datafield>
    <datafield tag="952" ind1=" " ind2=" ">
      <subfield code="a">BIB_RECT</subfield>
      <subfield code="b">BIB_UARG</subfield>
      <subfield code="d">2014-10-24</subfield>
      <subfield code="y">BK</subfield>
      <subfield code="p">05-01464</subfield>
      <subfield code="i">05-01464</subfield>
      <subfield code="g">250</subfield>
      <subfield code="o">R030 E561e</subfield>
      <subfield code="e">UARG</subfield>
      <subfield code="8">CG</subfield>
    </datafield>
    <datafield tag="952" ind1=" " ind2=" ">
      <subfield code="a">BIB_RECT</subfield>
      <subfield code="b">BIB_UARG</subfield>
      <subfield code="d">2014-10-24</subfield>
      <subfield code="y">BK</subfield>
      <subfield code="p">05-01465</subfield>
      <subfield code="i">05-01465</subfield>
      <subfield code="g">250</subfield>
      <subfield code="o">R030 E561e</subfield>
      <subfield code="e">UARG</subfield>
      <subfield code="8">CG</subfield>
    </datafield>
    <datafield tag="952" ind1=" " ind2=" ">
      <subfield code="a">BIB_RECT</subfield>
      <subfield code="b">BIB_UARG</subfield>
      <subfield code="d">2014-10-24</subfield>
      <subfield code="y">BK</subfield>
      <subfield code="p">05-01466</subfield>
      <subfield code="i">05-01466</subfield>
      <subfield code="g">250</subfield>
      <subfield code="o">R030 E561e</subfield>
      <subfield code="e">UARG</subfield>
      <subfield code="8">CG</subfield>
    </datafield>
    <datafield tag="952" ind1=" " ind2=" ">
      <subfield code="a">BIB_RECT</subfield>
      <subfield code="b">BIB_UARG</subfield>
      <subfield code="d">2014-10-24</subfield>
      <subfield code="y">BK</subfield>
      <subfield code="p">05-01467</subfield>
      <subfield code="i">05-01467</subfield>
      <subfield code="g">250</subfield>
      <subfield code="o">R030 E561e</subfield>
      <subfield code="e">UARG</subfield>
      <subfield code="8">CG</subfield>
    </datafield>
    <datafield tag="952" ind1=" " ind2=" ">
      <subfield code="a">BIB_RECT</subfield>
      <subfield code="b">BIB_UARG</subfield>
      <subfield code="d">2014-10-24</subfield>
      <subfield code="y">BK</subfield>
      <subfield code="p">05-01468</subfield>
      <subfield code="i">05-01468</subfield>
      <subfield code="g">250</subfield>
      <subfield code="o">R030 E561e</subfield>
      <subfield code="e">UARG</subfield>
      <subfield code="8">CG</subfield>
    </datafield>
    <datafield tag="952" ind1=" " ind2=" ">
      <subfield code="a">BIB_RECT</subfield>
      <subfield code="b">BIB_UARG</subfield>
      <subfield code="d">2014-10-24</subfield>
      <subfield code="y">BK</subfield>
      <subfield code="p">05-01469</subfield>
      <subfield code="i">05-01469</subfield>
      <subfield code="g">250</subfield>
      <subfield code="o">R030 E561e</subfield>
      <subfield code="e">UARG</subfield>
      <subfield code="8">CG</subfield>
    </datafield>
    <datafield tag="952" ind1=" " ind2=" ">
      <subfield code="a">BIB_RECT</subfield>
      <subfield code="b">BIB_UARG</subfield>
      <subfield code="d">2014-10-24</subfield>
      <subfield code="y">BK</subfield>
      <subfield code="p">05-01470</subfield>
      <subfield code="i">05-01470</subfield>
      <subfield code="g">250</subfield>
      <subfield code="o">R030 E561e</subfield>
      <subfield code="e">UARG</subfield>
      <subfield code="8">CG</subfield>
    </datafield>
    <datafield tag="952" ind1=" " ind2=" ">
      <subfield code="a">BIB_RECT</subfield>
      <subfield code="b">BIB_UARG</subfield>
      <subfield code="d">2014-10-24</subfield>
      <subfield code="y">BK</subfield>
      <subfield code="p">05-01471</subfield>
      <subfield code="i">05-01471</subfield>
      <subfield code="g">250</subfield>
      <subfield code="o">R030 E561e</subfield>
      <subfield code="e">UARG</subfield>
      <subfield code="8">CG</subfield>
    </datafield>
    <datafield tag="952" ind1=" " ind2=" ">
      <subfield code="a">BIB_RECT</subfield>
      <subfield code="b">BIB_UARG</subfield>
      <subfield code="d">2014-10-24</subfield>
      <subfield code="y">BK</subfield>
      <subfield code="p">05-01472</subfield>
      <subfield code="i">05-01472</subfield>
      <subfield code="g">250</subfield>
      <subfield code="o">R030 E561e</subfield>
      <subfield code="e">UARG</subfield>
      <subfield code="8">CG</subfield>
    </datafield>
    <datafield tag="952" ind1=" " ind2=" ">
      <subfield code="a">BIB_RECT</subfield>
      <subfield code="b">BIB_UARG</subfield>
      <subfield code="d">2014-10-24</subfield>
      <subfield code="y">BK</subfield>
      <subfield code="p">05-01473</subfield>
      <subfield code="i">05-01473</subfield>
      <subfield code="g">250</subfield>
      <subfield code="o">R030 E561e</subfield>
      <subfield code="e">UARG</subfield>
      <subfield code="8">CG</subfield>
    </datafield>
    <datafield tag="952" ind1=" " ind2=" ">
      <subfield code="a">BIB_RECT</subfield>
      <subfield code="b">BIB_UARG</subfield>
      <subfield code="d">2014-10-24</subfield>
      <subfield code="y">BK</subfield>
      <subfield code="p">05-01474</subfield>
      <subfield code="i">05-01474</subfield>
      <subfield code="g">250</subfield>
      <subfield code="o">R030 E561e</subfield>
      <subfield code="e">UARG</subfield>
      <subfield code="8">CG</subfield>
    </datafield>
    <datafield tag="952" ind1=" " ind2=" ">
      <subfield code="a">BIB_RECT</subfield>
      <subfield code="b">BIB_UARG</subfield>
      <subfield code="d">2014-10-24</subfield>
      <subfield code="y">BK</subfield>
      <subfield code="p">05-01475</subfield>
      <subfield code="i">05-01475</subfield>
      <subfield code="g">250</subfield>
      <subfield code="o">R030 E561e</subfield>
      <subfield code="e">UARG</subfield>
      <subfield code="8">CG</subfield>
    </datafield>
    <datafield tag="952" ind1=" " ind2=" ">
      <subfield code="a">BIB_RECT</subfield>
      <subfield code="b">BIB_UARG</subfield>
      <subfield code="d">2014-10-24</subfield>
      <subfield code="y">BK</subfield>
      <subfield code="p">05-01476</subfield>
      <subfield code="i">05-01476</subfield>
      <subfield code="g">250</subfield>
      <subfield code="o">R030 E561e</subfield>
      <subfield code="e">UARG</subfield>
      <subfield code="8">CG</subfield>
    </datafield>
    <datafield tag="952" ind1=" " ind2=" ">
      <subfield code="a">BIB_RECT</subfield>
      <subfield code="b">BIB_UARG</subfield>
      <subfield code="d">2014-10-24</subfield>
      <subfield code="y">BK</subfield>
      <subfield code="p">05-01477</subfield>
      <subfield code="i">05-01477</subfield>
      <subfield code="g">250</subfield>
      <subfield code="o">R030 E561e</subfield>
      <subfield code="e">UARG</subfield>
      <subfield code="8">CG</subfield>
    </datafield>
    <datafield tag="952" ind1=" " ind2=" ">
      <subfield code="a">BIB_RECT</subfield>
      <subfield code="b">BIB_UARG</subfield>
      <subfield code="d">2014-10-24</subfield>
      <subfield code="y">BK</subfield>
      <subfield code="p">05-01478</subfield>
      <subfield code="i">05-01478</subfield>
      <subfield code="g">250</subfield>
      <subfield code="o">R030 E561e</subfield>
      <subfield code="e">UARG</subfield>
      <subfield code="8">CG</subfield>
    </datafield>
    <datafield tag="952" ind1=" " ind2=" ">
      <subfield code="a">BIB_RECT</subfield>
      <subfield code="b">BIB_UARG</subfield>
      <subfield code="d">2014-10-24</subfield>
      <subfield code="y">BK</subfield>
      <subfield code="p">05-01479</subfield>
      <subfield code="i">05-01479</subfield>
      <subfield code="g">250</subfield>
      <subfield code="o">R030 E561e</subfield>
      <subfield code="e">UARG</subfield>
      <subfield code="8">CG</subfield>
    </datafield>
    <datafield tag="952" ind1=" " ind2=" ">
      <subfield code="a">BIB_RECT</subfield>
      <subfield code="b">BIB_UARG</subfield>
      <subfield code="d">2014-10-24</subfield>
      <subfield code="y">BK</subfield>
      <subfield code="p">05-01480</subfield>
      <subfield code="i">05-01480</subfield>
      <subfield code="g">250</subfield>
      <subfield code="o">R030 E561e</subfield>
      <subfield code="e">UARG</subfield>
      <subfield code="8">CG</subfield>
    </datafield>
    <datafield tag="952" ind1=" " ind2=" ">
      <subfield code="a">BIB_RECT</subfield>
      <subfield code="b">BIB_UARG</subfield>
      <subfield code="d">2014-10-24</subfield>
      <subfield code="y">BK</subfield>
      <subfield code="p">05-01481</subfield>
      <subfield code="i">05-01481</subfield>
      <subfield code="g">250</subfield>
      <subfield code="o">R030 E561e</subfield>
      <subfield code="e">UARG</subfield>
      <subfield code="8">CG</subfield>
    </datafield>
    <datafield tag="952" ind1=" " ind2=" ">
      <subfield code="a">BIB_RECT</subfield>
      <subfield code="b">BIB_UARG</subfield>
      <subfield code="d">2014-10-24</subfield>
      <subfield code="y">BK</subfield>
      <subfield code="p">05-01482</subfield>
      <subfield code="i">05-01482</subfield>
      <subfield code="g">250</subfield>
      <subfield code="o">R030 E561e</subfield>
      <subfield code="e">UARG</subfield>
      <subfield code="8">CG</subfield>
    </datafield>
    <datafield tag="952" ind1=" " ind2=" ">
      <subfield code="a">BIB_RECT</subfield>
      <subfield code="b">BIB_UARG</subfield>
      <subfield code="d">2014-10-24</subfield>
      <subfield code="y">BK</subfield>
      <subfield code="p">05-01483</subfield>
      <subfield code="i">05-01483</subfield>
      <subfield code="g">250</subfield>
      <subfield code="o">R030 E561e</subfield>
      <subfield code="e">UARG</subfield>
      <subfield code="8">CG</subfield>
    </datafield>
    <datafield tag="952" ind1=" " ind2=" ">
      <subfield code="a">BIB_RECT</subfield>
      <subfield code="b">BIB_UARG</subfield>
      <subfield code="d">2014-10-24</subfield>
      <subfield code="y">BK</subfield>
      <subfield code="p">05-01484</subfield>
      <subfield code="i">05-01484</subfield>
      <subfield code="g">250</subfield>
      <subfield code="o">R030 E561e</subfield>
      <subfield code="e">UARG</subfield>
      <subfield code="8">CG</subfield>
    </datafield>
    <datafield tag="952" ind1=" " ind2=" ">
      <subfield code="a">BIB_RECT</subfield>
      <subfield code="b">BIB_UARG</subfield>
      <subfield code="d">2014-10-24</subfield>
      <subfield code="y">BK</subfield>
      <subfield code="p">05-01485</subfield>
      <subfield code="i">05-01485</subfield>
      <subfield code="g">250</subfield>
      <subfield code="o">R030 E561e</subfield>
      <subfield code="e">UARG</subfield>
      <subfield code="8">CG</subfield>
    </datafield>
    <datafield tag="952" ind1=" " ind2=" ">
      <subfield code="a">BIB_RECT</subfield>
      <subfield code="b">BIB_UARG</subfield>
      <subfield code="d">2014-10-24</subfield>
      <subfield code="y">BK</subfield>
      <subfield code="p">05-01486</subfield>
      <subfield code="i">05-01486</subfield>
      <subfield code="g">250</subfield>
      <subfield code="o">R030 E561e</subfield>
      <subfield code="e">UARG</subfield>
      <subfield code="8">CG</subfield>
    </datafield>
    <datafield tag="952" ind1=" " ind2=" ">
      <subfield code="a">BIB_RECT</subfield>
      <subfield code="b">BIB_UARG</subfield>
      <subfield code="d">2014-10-24</subfield>
      <subfield code="y">BK</subfield>
      <subfield code="p">05-01487</subfield>
      <subfield code="i">05-01487</subfield>
      <subfield code="g">250</subfield>
      <subfield code="o">R030 E561e</subfield>
      <subfield code="e">UARG</subfield>
      <subfield code="8">CG</subfield>
    </datafield>
  </record>