
  <record>
    <leader>01000aam  22002601a 4500</leader>
    <controlfield tag="001">YPZ99195</controlfield>
    <controlfield tag="003">YPZ</controlfield>
    <controlfield tag="005">201410241349240</controlfield>
    <controlfield tag="008">141024|###########||||||b||||||||||spa|d</controlfield>
    <datafield tag="020" ind1=" " ind2=" ">
      <subfield code="a">8485001125 (o.c.)</subfield>
    </datafield>
    <datafield tag="020" ind1=" " ind2=" ">
      <subfield code="a">8476772475 (t.29)</subfield>
    </datafield>
    <datafield tag="040" ind1=" " ind2=" ">
      <subfield code="c">SIUNPA</subfield>
    </datafield>
    <datafield tag="041" ind1=" " ind2=" ">
      <subfield code="a">spa</subfield>
    </datafield>
    <datafield tag="044" ind1=" " ind2=" ">
      <subfield code="a">ES</subfield>
    </datafield>
    <datafield tag="080" ind1=" " ind2=" ">
      <subfield code="a">R030 G748g</subfield>
    </datafield>
    <datafield tag="245" ind1=" " ind2=" ">
      <subfield code="a">Gran enciclopedia del mundo</subfield>
      <subfield code="c"> / Menéndez Pidal, Ramón, dir. ; Portillo, Lorenzo, dir. ; Moya, Jesús, dir. ; Ibarra, Luis Rodrigo, dir.</subfield>
    </datafield>
    <datafield tag="260" ind1=" " ind2=" ">
      <subfield code="a">Bilbao</subfield>
      <subfield code="b"> : Durvan</subfield>
      <subfield code="c"> , c1969</subfield>
    </datafield>
    <datafield tag="500" ind1=" " ind2=" ">
      <subfield code="a">La edición varía según el ejemplar</subfield>
    </datafield>
    <datafield tag="500" ind1=" " ind2=" ">
      <subfield code="a">La biblioteca posee en reimpresiones</subfield>
    </datafield>
    <datafield tag="505" ind1=" " ind2=" ">
      <subfield code="a">Contenido: t.29. Apéndice</subfield>
    </datafield>
    <datafield tag="650" ind1=" " ind2=" ">
      <subfield code="a"> ENCICLOPEDIA</subfield>
    </datafield>
    <datafield tag="650" ind1=" " ind2=" ">
      <subfield code="a"> MATERIAL DE REFERENCIA</subfield>
    </datafield>
    <datafield tag="942" ind1=" " ind2=" ">
      <subfield code="c">BK</subfield>
    </datafield>
    <datafield tag="952" ind1=" " ind2=" ">
      <subfield code="a">BIB_RECT</subfield>
      <subfield code="b">BIB_UARG</subfield>
      <subfield code="d">2014-10-24</subfield>
      <subfield code="y">BK</subfield>
      <subfield code="p">05-07940</subfield>
      <subfield code="i">05-07940</subfield>
      <subfield code="g">250</subfield>
      <subfield code="o">R030 G748g</subfield>
      <subfield code="e">UARG</subfield>
      <subfield code="8">CG</subfield>
    </datafield>
    <datafield tag="952" ind1=" " ind2=" ">
      <subfield code="a">BIB_RECT</subfield>
      <subfield code="b">BIB_UARG</subfield>
      <subfield code="d">2014-10-24</subfield>
      <subfield code="y">BK</subfield>
      <subfield code="p">05-07941</subfield>
      <subfield code="i">05-07941</subfield>
      <subfield code="g">250</subfield>
      <subfield code="o">R030 G748g</subfield>
      <subfield code="e">UARG</subfield>
      <subfield code="8">CG</subfield>
    </datafield>
    <datafield tag="952" ind1=" " ind2=" ">
      <subfield code="a">BIB_RECT</subfield>
      <subfield code="b">BIB_UARG</subfield>
      <subfield code="d">2014-10-24</subfield>
      <subfield code="y">BK</subfield>
      <subfield code="p">05-07942</subfield>
      <subfield code="i">05-07942</subfield>
      <subfield code="g">250</subfield>
      <subfield code="o">R030 G748g</subfield>
      <subfield code="e">UARG</subfield>
      <subfield code="8">CG</subfield>
    </datafield>
    <datafield tag="952" ind1=" " ind2=" ">
      <subfield code="a">BIB_RECT</subfield>
      <subfield code="b">BIB_UARG</subfield>
      <subfield code="d">2014-10-24</subfield>
      <subfield code="y">BK</subfield>
      <subfield code="p">05-07943</subfield>
      <subfield code="i">05-07943</subfield>
      <subfield code="g">250</subfield>
      <subfield code="o">R030 G748g</subfield>
      <subfield code="e">UARG</subfield>
      <subfield code="8">CG</subfield>
    </datafield>
    <datafield tag="952" ind1=" " ind2=" ">
      <subfield code="a">BIB_RECT</subfield>
      <subfield code="b">BIB_UARG</subfield>
      <subfield code="d">2014-10-24</subfield>
      <subfield code="y">BK</subfield>
      <subfield code="p">05-07944</subfield>
      <subfield code="i">05-07944</subfield>
      <subfield code="g">250</subfield>
      <subfield code="o">R030 G748g</subfield>
      <subfield code="e">UARG</subfield>
      <subfield code="8">CG</subfield>
    </datafield>
    <datafield tag="952" ind1=" " ind2=" ">
      <subfield code="a">BIB_RECT</subfield>
      <subfield code="b">BIB_UARG</subfield>
      <subfield code="d">2014-10-24</subfield>
      <subfield code="y">BK</subfield>
      <subfield code="p">05-07945</subfield>
      <subfield code="i">05-07945</subfield>
      <subfield code="g">250</subfield>
      <subfield code="o">R030 G748g</subfield>
      <subfield code="e">UARG</subfield>
      <subfield code="8">CG</subfield>
    </datafield>
    <datafield tag="952" ind1=" " ind2=" ">
      <subfield code="a">BIB_RECT</subfield>
      <subfield code="b">BIB_UARG</subfield>
      <subfield code="d">2014-10-24</subfield>
      <subfield code="y">BK</subfield>
      <subfield code="p">05-07946</subfield>
      <subfield code="i">05-07946</subfield>
      <subfield code="g">250</subfield>
      <subfield code="o">R030 G748g</subfield>
      <subfield code="e">UARG</subfield>
      <subfield code="8">CG</subfield>
    </datafield>
    <datafield tag="952" ind1=" " ind2=" ">
      <subfield code="a">BIB_RECT</subfield>
      <subfield code="b">BIB_UARG</subfield>
      <subfield code="d">2014-10-24</subfield>
      <subfield code="y">BK</subfield>
      <subfield code="p">05-07947</subfield>
      <subfield code="i">05-07947</subfield>
      <subfield code="g">250</subfield>
      <subfield code="o">R030 G748g</subfield>
      <subfield code="e">UARG</subfield>
      <subfield code="8">CG</subfield>
    </datafield>
    <datafield tag="952" ind1=" " ind2=" ">
      <subfield code="a">BIB_RECT</subfield>
      <subfield code="b">BIB_UARG</subfield>
      <subfield code="d">2014-10-24</subfield>
      <subfield code="y">BK</subfield>
      <subfield code="p">05-07948</subfield>
      <subfield code="i">05-07948</subfield>
      <subfield code="g">250</subfield>
      <subfield code="o">R030 G748g</subfield>
      <subfield code="e">UARG</subfield>
      <subfield code="8">CG</subfield>
    </datafield>
    <datafield tag="952" ind1=" " ind2=" ">
      <subfield code="a">BIB_RECT</subfield>
      <subfield code="b">BIB_UARG</subfield>
      <subfield code="d">2014-10-24</subfield>
      <subfield code="y">BK</subfield>
      <subfield code="p">05-07949</subfield>
      <subfield code="i">05-07949</subfield>
      <subfield code="g">250</subfield>
      <subfield code="o">R030 G748g</subfield>
      <subfield code="e">UARG</subfield>
      <subfield code="8">CG</subfield>
    </datafield>
    <datafield tag="952" ind1=" " ind2=" ">
      <subfield code="a">BIB_RECT</subfield>
      <subfield code="b">BIB_UARG</subfield>
      <subfield code="d">2014-10-24</subfield>
      <subfield code="y">BK</subfield>
      <subfield code="p">05-07950</subfield>
      <subfield code="i">05-07950</subfield>
      <subfield code="g">250</subfield>
      <subfield code="o">R030 G748g</subfield>
      <subfield code="e">UARG</subfield>
      <subfield code="8">CG</subfield>
    </datafield>
    <datafield tag="952" ind1=" " ind2=" ">
      <subfield code="a">BIB_RECT</subfield>
      <subfield code="b">BIB_UARG</subfield>
      <subfield code="d">2014-10-24</subfield>
      <subfield code="y">BK</subfield>
      <subfield code="p">05-07951</subfield>
      <subfield code="i">05-07951</subfield>
      <subfield code="g">250</subfield>
      <subfield code="o">R030 G748g</subfield>
      <subfield code="e">UARG</subfield>
      <subfield code="8">CG</subfield>
    </datafield>
    <datafield tag="952" ind1=" " ind2=" ">
      <subfield code="a">BIB_RECT</subfield>
      <subfield code="b">BIB_UARG</subfield>
      <subfield code="d">2014-10-24</subfield>
      <subfield code="y">BK</subfield>
      <subfield code="p">05-07952</subfield>
      <subfield code="i">05-07952</subfield>
      <subfield code="g">250</subfield>
      <subfield code="o">R030 G748g</subfield>
      <subfield code="e">UARG</subfield>
      <subfield code="8">CG</subfield>
    </datafield>
    <datafield tag="952" ind1=" " ind2=" ">
      <subfield code="a">BIB_RECT</subfield>
      <subfield code="b">BIB_UARG</subfield>
      <subfield code="d">2014-10-24</subfield>
      <subfield code="y">BK</subfield>
      <subfield code="p">05-07953</subfield>
      <subfield code="i">05-07953</subfield>
      <subfield code="g">250</subfield>
      <subfield code="o">R030 G748g</subfield>
      <subfield code="e">UARG</subfield>
      <subfield code="8">CG</subfield>
    </datafield>
    <datafield tag="952" ind1=" " ind2=" ">
      <subfield code="a">BIB_RECT</subfield>
      <subfield code="b">BIB_UARG</subfield>
      <subfield code="d">2014-10-24</subfield>
      <subfield code="y">BK</subfield>
      <subfield code="p">05-07954</subfield>
      <subfield code="i">05-07954</subfield>
      <subfield code="g">250</subfield>
      <subfield code="o">R030 G748g</subfield>
      <subfield code="e">UARG</subfield>
      <subfield code="8">CG</subfield>
    </datafield>
    <datafield tag="952" ind1=" " ind2=" ">
      <subfield code="a">BIB_RECT</subfield>
      <subfield code="b">BIB_UARG</subfield>
      <subfield code="d">2014-10-24</subfield>
      <subfield code="y">BK</subfield>
      <subfield code="p">05-07955</subfield>
      <subfield code="i">05-07955</subfield>
      <subfield code="g">250</subfield>
      <subfield code="o">R030 G748g</subfield>
      <subfield code="e">UARG</subfield>
      <subfield code="8">CG</subfield>
    </datafield>
    <datafield tag="952" ind1=" " ind2=" ">
      <subfield code="a">BIB_RECT</subfield>
      <subfield code="b">BIB_UARG</subfield>
      <subfield code="d">2014-10-24</subfield>
      <subfield code="y">BK</subfield>
      <subfield code="p">05-07956</subfield>
      <subfield code="i">05-07956</subfield>
      <subfield code="g">250</subfield>
      <subfield code="o">R030 G748g</subfield>
      <subfield code="e">UARG</subfield>
      <subfield code="8">CG</subfield>
    </datafield>
    <datafield tag="952" ind1=" " ind2=" ">
      <subfield code="a">BIB_RECT</subfield>
      <subfield code="b">BIB_UARG</subfield>
      <subfield code="d">2014-10-24</subfield>
      <subfield code="y">BK</subfield>
      <subfield code="p">05-07957</subfield>
      <subfield code="i">05-07957</subfield>
      <subfield code="g">250</subfield>
      <subfield code="o">R030 G748g</subfield>
      <subfield code="e">UARG</subfield>
      <subfield code="8">CG</subfield>
    </datafield>
    <datafield tag="952" ind1=" " ind2=" ">
      <subfield code="a">BIB_RECT</subfield>
      <subfield code="b">BIB_UARG</subfield>
      <subfield code="d">2014-10-24</subfield>
      <subfield code="y">BK</subfield>
      <subfield code="p">05-07958</subfield>
      <subfield code="i">05-07958</subfield>
      <subfield code="g">250</subfield>
      <subfield code="o">R030 G748g</subfield>
      <subfield code="e">UARG</subfield>
      <subfield code="8">CG</subfield>
    </datafield>
    <datafield tag="952" ind1=" " ind2=" ">
      <subfield code="a">BIB_RECT</subfield>
      <subfield code="b">BIB_UARG</subfield>
      <subfield code="d">2014-10-24</subfield>
      <subfield code="y">BK</subfield>
      <subfield code="p">05-07959</subfield>
      <subfield code="i">05-07959</subfield>
      <subfield code="g">250</subfield>
      <subfield code="o">R030 G748g</subfield>
      <subfield code="e">UARG</subfield>
      <subfield code="8">CG</subfield>
    </datafield>
    <datafield tag="952" ind1=" " ind2=" ">
      <subfield code="a">BIB_RECT</subfield>
      <subfield code="b">BIB_UARG</subfield>
      <subfield code="d">2014-10-24</subfield>
      <subfield code="y">BK</subfield>
      <subfield code="p">05-07960</subfield>
      <subfield code="i">05-07960</subfield>
      <subfield code="g">250</subfield>
      <subfield code="o">R030 G748g</subfield>
      <subfield code="e">UARG</subfield>
      <subfield code="8">CG</subfield>
    </datafield>
    <datafield tag="952" ind1=" " ind2=" ">
      <subfield code="a">BIB_RECT</subfield>
      <subfield code="b">BIB_UARG</subfield>
      <subfield code="d">2014-10-24</subfield>
      <subfield code="y">BK</subfield>
      <subfield code="p">05-07961</subfield>
      <subfield code="i">05-07961</subfield>
      <subfield code="g">250</subfield>
      <subfield code="o">R030 G748g</subfield>
      <subfield code="e">UARG</subfield>
      <subfield code="8">CG</subfield>
    </datafield>
    <datafield tag="952" ind1=" " ind2=" ">
      <subfield code="a">BIB_RECT</subfield>
      <subfield code="b">BIB_UARG</subfield>
      <subfield code="d">2014-10-24</subfield>
      <subfield code="y">BK</subfield>
      <subfield code="p">05-07962</subfield>
      <subfield code="i">05-07962</subfield>
      <subfield code="g">250</subfield>
      <subfield code="o">R030 G748g</subfield>
      <subfield code="e">UARG</subfield>
      <subfield code="8">CG</subfield>
    </datafield>
    <datafield tag="952" ind1=" " ind2=" ">
      <subfield code="a">BIB_RECT</subfield>
      <subfield code="b">BIB_UARG</subfield>
      <subfield code="d">2014-10-24</subfield>
      <subfield code="y">BK</subfield>
      <subfield code="p">05-07963</subfield>
      <subfield code="i">05-07963</subfield>
      <subfield code="g">250</subfield>
      <subfield code="o">R030 G748g</subfield>
      <subfield code="e">UARG</subfield>
      <subfield code="8">CG</subfield>
    </datafield>
    <datafield tag="952" ind1=" " ind2=" ">
      <subfield code="a">BIB_RECT</subfield>
      <subfield code="b">BIB_UARG</subfield>
      <subfield code="d">2014-10-24</subfield>
      <subfield code="y">BK</subfield>
      <subfield code="p">05-07964</subfield>
      <subfield code="i">05-07964</subfield>
      <subfield code="g">250</subfield>
      <subfield code="o">R030 G748g</subfield>
      <subfield code="e">UARG</subfield>
      <subfield code="8">CG</subfield>
    </datafield>
    <datafield tag="952" ind1=" " ind2=" ">
      <subfield code="a">BIB_RECT</subfield>
      <subfield code="b">BIB_UARG</subfield>
      <subfield code="d">2014-10-24</subfield>
      <subfield code="y">BK</subfield>
      <subfield code="p">05-07965</subfield>
      <subfield code="i">05-07965</subfield>
      <subfield code="g">250</subfield>
      <subfield code="o">R030 G748g</subfield>
      <subfield code="e">UARG</subfield>
      <subfield code="8">CG</subfield>
    </datafield>
    <datafield tag="952" ind1=" " ind2=" ">
      <subfield code="a">BIB_RECT</subfield>
      <subfield code="b">BIB_UARG</subfield>
      <subfield code="d">2014-10-24</subfield>
      <subfield code="y">BK</subfield>
      <subfield code="p">05-07966</subfield>
      <subfield code="i">05-07966</subfield>
      <subfield code="g">250</subfield>
      <subfield code="o">R030 G748g</subfield>
      <subfield code="e">UARG</subfield>
      <subfield code="8">CG</subfield>
    </datafield>
    <datafield tag="952" ind1=" " ind2=" ">
      <subfield code="a">BIB_RECT</subfield>
      <subfield code="b">BIB_UARG</subfield>
      <subfield code="d">2014-10-24</subfield>
      <subfield code="y">BK</subfield>
      <subfield code="p">05-07967</subfield>
      <subfield code="i">05-07967</subfield>
      <subfield code="g">250</subfield>
      <subfield code="o">R030 G748g</subfield>
      <subfield code="e">UARG</subfield>
      <subfield code="8">CG</subfield>
    </datafield>
    <datafield tag="952" ind1=" " ind2=" ">
      <subfield code="a">BIB_RECT</subfield>
      <subfield code="b">BIB_UARG</subfield>
      <subfield code="d">2014-10-24</subfield>
      <subfield code="y">BK</subfield>
      <subfield code="p">05-07968</subfield>
      <subfield code="i">05-07968</subfield>
      <subfield code="g">250</subfield>
      <subfield code="o">R030 G748g</subfield>
      <subfield code="e">UARG</subfield>
      <subfield code="8">CG</subfield>
    </datafield>
  </record>