
  <record>
    <leader>01000aam  22002601a 4500</leader>
    <controlfield tag="001">YPZ99267</controlfield>
    <controlfield tag="003">YPZ</controlfield>
    <controlfield tag="005">201411141431490</controlfield>
    <controlfield tag="008">141114|###########||||||b||||||||||spa|d</controlfield>
    <datafield tag="020" ind1=" " ind2=" ">
      <subfield code="a">9788467032212</subfield>
    </datafield>
    <datafield tag="040" ind1=" " ind2=" ">
      <subfield code="c">SIUNPA</subfield>
    </datafield>
    <datafield tag="041" ind1=" " ind2=" ">
      <subfield code="a">spa</subfield>
    </datafield>
    <datafield tag="044" ind1=" " ind2=" ">
      <subfield code="a">ES</subfield>
    </datafield>
    <datafield tag="080" ind1=" " ind2=" ">
      <subfield code="a">R811.134.2'36 R288nu</subfield>
    </datafield>
    <datafield tag="110" ind1=" " ind2=" ">
      <subfield code="a">Real Academia Española.  Asociación de Academias de la Lengua Española.</subfield>
    </datafield>
    <datafield tag="245" ind1=" " ind2=" ">
      <subfield code="a">Nueva gramática de la lengua española</subfield>
      <subfield code="b"> : fonética y fonología</subfield>
    </datafield>
    <datafield tag="260" ind1=" " ind2=" ">
      <subfield code="a">Barcelona</subfield>
      <subfield code="b"> : Espasa</subfield>
      <subfield code="c"> , 2011</subfield>
    </datafield>
    <datafield tag="300" ind1=" " ind2=" ">
      <subfield code="a">xi, 314 p. : </subfield>
      <subfield code="b">il. ; </subfield>
      <subfield code="a">xvi, 423 p. : </subfield>
      <subfield code="b">il. ; </subfield>
      <subfield code="a">78 p. : </subfield>
      <subfield code="b">il. ; </subfield>
      <subfield code="a">76 p. : </subfield>
      <subfield code="b">il. ; </subfield>
      <subfield code="a">2 v. : </subfield>
      <subfield code="b">il. ; </subfield>
      <subfield code="a">2 v. : </subfield>
      <subfield code="b">il. ; </subfield>
      <subfield code="a">141 p. : </subfield>
      <subfield code="b">il. ; </subfield>
      <subfield code="a">3 t. : </subfield>
      <subfield code="a">215 p. : </subfield>
      <subfield code="b">il ; </subfield>
      <subfield code="a">416 p. : </subfield>
      <subfield code="b">il. ; </subfield>
      <subfield code="a">2 v. : </subfield>
      <subfield code="b">il. ; </subfield>
      <subfield code="a">2 v. : </subfield>
      <subfield code="a">3 t. : </subfield>
      <subfield code="b">il. ; </subfield>
      <subfield code="a">260 p. : </subfield>
      <subfield code="b">il. ; </subfield>
      <subfield code="a">295 p. : </subfield>
      <subfield code="b">il. ; </subfield>
      <subfield code="a">220 p. : </subfield>
      <subfield code="a">197 p. : </subfield>
      <subfield code="b">il. ; </subfield>
      <subfield code="a">175 p. : </subfield>
      <subfield code="a">385 p. : </subfield>
      <subfield code="a">211 p. : </subfield>
      <subfield code="a">460 p. : </subfield>
      <subfield code="a">536 p. : </subfield>
      <subfield code="b">il. ; </subfield>
      <subfield code="a">146 p. : </subfield>
      <subfield code="b">il. ; </subfield>
      <subfield code="a">244 p. : </subfield>
      <subfield code="b">il. ; </subfield>
      <subfield code="a">70 p. : </subfield>
      <subfield code="b">il. ; </subfield>
      <subfield code="a">428 p. : </subfield>
      <subfield code="a">239 p. : </subfield>
      <subfield code="a">2 t. : </subfield>
      <subfield code="b">il. ; </subfield>
      <subfield code="a">v. : </subfield>
      <subfield code="b">il. ; </subfield>
      <subfield code="a">412 p : </subfield>
      <subfield code="b">il. ; </subfield>
      <subfield code="a">127 p. : </subfield>
      <subfield code="a">128 p. : </subfield>
      <subfield code="b">il. ; </subfield>
      <subfield code="a">111 p. : </subfield>
      <subfield code="a">133 p. : </subfield>
      <subfield code="b">il. ; </subfield>
      <subfield code="a">263 p. : </subfield>
      <subfield code="a">213 p. : </subfield>
      <subfield code="a">319 p. : </subfield>
      <subfield code="a">136 p. : </subfield>
      <subfield code="a">225 p. : </subfield>
      <subfield code="b">il. ; </subfield>
      <subfield code="a">xx, 383 p. : </subfield>
      <subfield code="b">il. ; </subfield>
      <subfield code="a">305 p. : </subfield>
      <subfield code="a">vi, 172 p. : </subfield>
      <subfield code="b">il. ; </subfield>
      <subfield code="a">ix, 323  p. : </subfield>
      <subfield code="a">92 v. : </subfield>
      <subfield code="a">29 v. : </subfield>
      <subfield code="a">vi, 225 p. : </subfield>
      <subfield code="a">188 p. : </subfield>
      <subfield code="a">173 p. : </subfield>
      <subfield code="a">v. : </subfield>
      <subfield code="a">173 p. : </subfield>
      <subfield code="b">il. ; </subfield>
      <subfield code="a">284 p. : </subfield>
      <subfield code="b">il. ; </subfield>
      <subfield code="a">210 p. : </subfield>
      <subfield code="b">il. ; </subfield>
      <subfield code="a">245 p. : </subfield>
      <subfield code="b">il. ; </subfield>
      <subfield code="a">100 p. : </subfield>
      <subfield code="a">284 p. : </subfield>
      <subfield code="b">il. ; </subfield>
      <subfield code="a">184 p. : </subfield>
      <subfield code="b">il. ; </subfield>
      <subfield code="a">254 p. : </subfield>
      <subfield code="a">267 p. : </subfield>
      <subfield code="a">2 v. : </subfield>
      <subfield code="b">il. ; </subfield>
      <subfield code="a">125 p. : </subfield>
      <subfield code="b">il. ; </subfield>
      <subfield code="a">253 p. : </subfield>
      <subfield code="b">il. ; </subfield>
      <subfield code="a">2 v. : </subfield>
      <subfield code="b">il. ; </subfield>
      <subfield code="a">353 p. : </subfield>
      <subfield code="a">111 p. : </subfield>
      <subfield code="a">172 p. : </subfield>
      <subfield code="a">222 p. : </subfield>
      <subfield code="a">361 p. : </subfield>
      <subfield code="a">334 p. : </subfield>
      <subfield code="a">361 p. : </subfield>
      <subfield code="a">163 p. : </subfield>
      <subfield code="a">215 p. : </subfield>
      <subfield code="a">637 p. : </subfield>
      <subfield code="a">cxlv, 611 p. : </subfield>
      <subfield code="b">il. ; </subfield>
      <subfield code="a">361 p. : </subfield>
      <subfield code="b">il. ; </subfield>
      <subfield code="a">v. : </subfield>
      <subfield code="b">il. ; </subfield>
      <subfield code="a">212 p. : </subfield>
      <subfield code="b">il. ; </subfield>
      <subfield code="a">170 p. : </subfield>
      <subfield code="b">il. ; </subfield>
      <subfield code="a">444 p. : </subfield>
      <subfield code="b">il. ; </subfield>
      <subfield code="a">184 p. : </subfield>
      <subfield code="a">574 p. : </subfield>
      <subfield code="a">407 p. : </subfield>
      <subfield code="a">xlvii, 408 p. : </subfield>
      <subfield code="a">95 p. : </subfield>
      <subfield code="a">v. : </subfield>
      <subfield code="a">xi, 300 p. : </subfield>
      <subfield code="b">il. ; </subfield>
      <subfield code="a">223 p. : </subfield>
      <subfield code="b">cuadros ; </subfield>
      <subfield code="a">110 p. : </subfield>
      <subfield code="a">175 p. : </subfield>
      <subfield code="b">il. ; </subfield>
      <subfield code="a">444 p. : </subfield>
      <subfield code="b">il. ; </subfield>
      <subfield code="a">173 p. : </subfield>
      <subfield code="b">il. ; </subfield>
      <subfield code="a">202 p. : </subfield>
      <subfield code="b">il. ; </subfield>
      <subfield code="a">126 p. : </subfield>
      <subfield code="a">328 p. : </subfield>
      <subfield code="b">il. ; </subfield>
      <subfield code="a">xxiv, 1051 p. : </subfield>
      <subfield code="a">xvi, 613 p. : </subfield>
      <subfield code="b">il. ; </subfield>
      <subfield code="a">xxiii, 431 p. : </subfield>
      <subfield code="b">il. ; </subfield>
      <subfield code="a">xxxii, 637 p. : </subfield>
      <subfield code="b">il. ; </subfield>
      <subfield code="a">xiv, 401 p. : </subfield>
      <subfield code="a">xxv, 1009 p. : </subfield>
      <subfield code="b">il. ; </subfield>
      <subfield code="a">xix, 720 p. : </subfield>
      <subfield code="b">il. ; </subfield>
      <subfield code="a">xxi, 1021, [72] p. : </subfield>
      <subfield code="b">il. ; </subfield>
      <subfield code="a">xx, 1260 p. : </subfield>
      <subfield code="b">il. ; </subfield>
      <subfield code="a">xxii, 293 p. : </subfield>
      <subfield code="b">il. ; </subfield>
      <subfield code="a">xxvi, 814 p. : </subfield>
      <subfield code="b">il. ; </subfield>
      <subfield code="a">xx, 360 p. : </subfield>
      <subfield code="b">il. ; </subfield>
      <subfield code="a">xiv, 862 p. : </subfield>
      <subfield code="b">il. ; </subfield>
      <subfield code="a">xl, 847 p. : </subfield>
      <subfield code="b">il. ; </subfield>
      <subfield code="a">221 p. : </subfield>
      <subfield code="b">il. ; </subfield>
      <subfield code="a">220 p. : </subfield>
      <subfield code="b">il. ; </subfield>
      <subfield code="a">149 p. : </subfield>
      <subfield code="b">il. ; </subfield>
      <subfield code="a">186 p. : </subfield>
      <subfield code="a">237 p. : </subfield>
      <subfield code="a">391 p. : </subfield>
      <subfield code="a">300 p. : </subfield>
      <subfield code="a">xxiii, 532 p. : </subfield>
      <subfield code="e">1 DVD en bolsillo</subfield>
    </datafield>
    <datafield tag="505" ind1=" " ind2=" ">
      <subfield code="a">Contenido DVD: Las voces del español -- Tiempo y espacio</subfield>
    </datafield>
    <datafield tag="650" ind1=" " ind2=" ">
      <subfield code="a"> GRAMATICA</subfield>
    </datafield>
    <datafield tag="650" ind1=" " ind2=" ">
      <subfield code="a"> LENGUA ESPAÑOLA</subfield>
    </datafield>
    <datafield tag="650" ind1=" " ind2=" ">
      <subfield code="a"> FONETICA</subfield>
    </datafield>
    <datafield tag="650" ind1=" " ind2=" ">
      <subfield code="a"> FONOLOGIA</subfield>
    </datafield>
    <datafield tag="942" ind1=" " ind2=" ">
      <subfield code="c">BK</subfield>
    </datafield>
    <datafield tag="952" ind1=" " ind2=" ">
      <subfield code="a">BIB_RECT</subfield>
      <subfield code="b">BIB_UARG</subfield>
      <subfield code="d">2014-11-10</subfield>
      <subfield code="y">BK</subfield>
      <subfield code="p">05-46931</subfield>
      <subfield code="i">05-46931</subfield>
      <subfield code="g">375</subfield>
      <subfield code="o">R811.134.2'36 R288nu</subfield>
      <subfield code="e">Compra SIUNPA</subfield>
      <subfield code="7">4</subfield>
      <subfield code="8">CR</subfield>
    </datafield>
    <datafield tag="952" ind1=" " ind2=" ">
      <subfield code="a">BIB_RECT</subfield>
      <subfield code="b">BIB_UARG</subfield>
      <subfield code="d">2014-11-10</subfield>
      <subfield code="y">BK</subfield>
      <subfield code="p">05-46932</subfield>
      <subfield code="i">05-46932</subfield>
      <subfield code="g">375</subfield>
      <subfield code="o">R811.134.2'36 R288nu</subfield>
      <subfield code="e">Compra SIUNPA</subfield>
      <subfield code="7">4</subfield>
      <subfield code="8">CR</subfield>
    </datafield>
  </record>