
  <record>
    <leader>01000aam  22002601a 4500</leader>
    <controlfield tag="001">YPZ99276</controlfield>
    <controlfield tag="003">YPZ</controlfield>
    <controlfield tag="005">201411171347260</controlfield>
    <controlfield tag="008">141117|###########||||||b||||||||||spa|d</controlfield>
    <datafield tag="020" ind1=" " ind2=" ">
      <subfield code="a">9789508631251</subfield>
    </datafield>
    <datafield tag="040" ind1=" " ind2=" ">
      <subfield code="c">SIUNPA</subfield>
    </datafield>
    <datafield tag="041" ind1=" " ind2=" ">
      <subfield code="a">spa</subfield>
    </datafield>
    <datafield tag="044" ind1=" " ind2=" ">
      <subfield code="a">AR</subfield>
    </datafield>
    <datafield tag="080" ind1=" " ind2=" ">
      <subfield code="a">342.7 C581c</subfield>
    </datafield>
    <datafield tag="245" ind1=" " ind2=" ">
      <subfield code="a">Ciudadanía y derechos de las mujeres</subfield>
      <subfield code="b"> : conceptos introductorios y propuesta de actividades</subfield>
      <subfield code="c"> / Di Liscia, María Herminia B., ed. ; Zandrino, María Elena, ed. ; Domínguez, María Marcela, ed.</subfield>
    </datafield>
    <datafield tag="260" ind1=" " ind2=" ">
      <subfield code="a">Santa Rosa, La Pampa</subfield>
      <subfield code="b"> : EdUNLPam, Universidad Nacional de La Pampa</subfield>
      <subfield code="b"> : Instituto Interdisciplinario de Estudios de la Mujer, Facultad de Ciencias Humanas, Universidad Nacional de La Pampa</subfield>
      <subfield code="c"> , 2009</subfield>
    </datafield>
    <datafield tag="650" ind1=" " ind2=" ">
      <subfield code="a"> MUJERES</subfield>
    </datafield>
    <datafield tag="650" ind1=" " ind2=" ">
      <subfield code="a"> DERECHOS HUMANOS</subfield>
    </datafield>
    <datafield tag="650" ind1=" " ind2=" ">
      <subfield code="a"> MUJERES Y DESARROLLO</subfield>
    </datafield>
    <datafield tag="650" ind1=" " ind2=" ">
      <subfield code="a"> PARTICIPACION DE LA MUJER</subfield>
    </datafield>
    <datafield tag="650" ind1=" " ind2=" ">
      <subfield code="a"> MUJER EN LA VIDA POLITICA</subfield>
    </datafield>
    <datafield tag="942" ind1=" " ind2=" ">
      <subfield code="c">BK</subfield>
    </datafield>
    <datafield tag="952" ind1=" " ind2=" ">
      <subfield code="a">BIB_RECT</subfield>
      <subfield code="b">BIB_UARG</subfield>
      <subfield code="d">2014-11-26</subfield>
      <subfield code="y">BK</subfield>
      <subfield code="p">05-46865</subfield>
      <subfield code="i">05-46865</subfield>
      <subfield code="g">45</subfield>
      <subfield code="o">342.7 C581c</subfield>
      <subfield code="e">Villanueva - Acuer 472/12</subfield>
      <subfield code="8">CG</subfield>
    </datafield>
    <datafield tag="952" ind1=" " ind2=" ">
      <subfield code="a">BIB_RECT</subfield>
      <subfield code="b">BIB_UARG</subfield>
      <subfield code="d">2014-11-26</subfield>
      <subfield code="y">BK</subfield>
      <subfield code="p">05-46866</subfield>
      <subfield code="i">05-46866</subfield>
      <subfield code="g">45</subfield>
      <subfield code="o">342.7 C581c</subfield>
      <subfield code="e">Villanueva - Acuer 472/12</subfield>
      <subfield code="8">CG</subfield>
    </datafield>
    <datafield tag="952" ind1=" " ind2=" ">
      <subfield code="a">BIB_RECT</subfield>
      <subfield code="b">BIB_UARG</subfield>
      <subfield code="d">2016-03-22</subfield>
      <subfield code="y">BK</subfield>
      <subfield code="p">05-47726</subfield>
      <subfield code="i">05-47726</subfield>
      <subfield code="g">110</subfield>
      <subfield code="o">342.7 C581c</subfield>
      <subfield code="e">Donación</subfield>
      <subfield code="8">CG</subfield>
    </datafield>
  </record>