
  <record>
    <leader>01000aam  22002601a 4500</leader>
    <controlfield tag="001">YPZ99334</controlfield>
    <controlfield tag="003">YPZ</controlfield>
    <controlfield tag="005">201502091202590</controlfield>
    <controlfield tag="008">150209|###########||||||b||||||||||spa|d</controlfield>
    <datafield tag="040" ind1=" " ind2=" ">
      <subfield code="c">SIUNPA</subfield>
    </datafield>
    <datafield tag="041" ind1=" " ind2=" ">
      <subfield code="a">spa</subfield>
    </datafield>
    <datafield tag="044" ind1=" " ind2=" ">
      <subfield code="a">AR</subfield>
    </datafield>
    <datafield tag="080" ind1=" " ind2=" ">
      <subfield code="a">821.133.1 P798r</subfield>
    </datafield>
    <datafield tag="100" ind1=" " ind2=" ">
      <subfield code="a">Pons, Maurice.</subfield>
    </datafield>
    <datafield tag="245" ind1=" " ind2=" ">
      <subfield code="a">Rosa</subfield>
      <subfield code="c"> / Vitale, Ida, Versión española</subfield>
    </datafield>
    <datafield tag="260" ind1=" " ind2=" ">
      <subfield code="a">Buenos Aires</subfield>
      <subfield code="b"> : Centro Editor de América Latina</subfield>
      <subfield code="c"> , 1971</subfield>
    </datafield>
    <datafield tag="440" ind1=" " ind2=" ">
      <subfield code="a">Lingüística y teoría literaria</subfield>
      <subfield code="a">Lingüística / Siglo Veintiuno</subfield>
      <subfield code="a">Colección desarrollo productivo y trabajo. Serie observatorio turístico</subfield>
      <subfield code="a">Colección desarrollo productivo y trabajo. Serie observatorio turístico</subfield>
      <subfield code="a">Colección salud comunitaria. Serie enfermería</subfield>
      <subfield code="a">Colección salud comunitaria. Serie enfermería</subfield>
      <subfield code="a">Capítulo. Serie narradores de hoy</subfield>
      <subfield code="v">2</subfield>
    </datafield>
    <datafield tag="490" ind1=" " ind2=" ">
      <subfield code="a">Lingüística y teoría literaria</subfield>
      <subfield code="a">Lingüística / Siglo Veintiuno</subfield>
      <subfield code="a">Colección desarrollo productivo y trabajo. Serie observatorio turístico</subfield>
      <subfield code="a">Colección desarrollo productivo y trabajo. Serie observatorio turístico</subfield>
      <subfield code="a">Colección salud comunitaria. Serie enfermería</subfield>
      <subfield code="a">Colección salud comunitaria. Serie enfermería</subfield>
      <subfield code="a">Capítulo. Serie narradores de hoy</subfield>
      <subfield code="v">2</subfield>
    </datafield>
    <datafield tag="650" ind1=" " ind2=" ">
      <subfield code="a"> LITERATURA FRANCESA</subfield>
    </datafield>
    <datafield tag="650" ind1=" " ind2=" ">
      <subfield code="a"> NOVELA</subfield>
    </datafield>
    <datafield tag="942" ind1=" " ind2=" ">
      <subfield code="c">BK</subfield>
    </datafield>
    <datafield tag="952" ind1=" " ind2=" ">
      <subfield code="a">BIB_RECT</subfield>
      <subfield code="b">BIB_UARG</subfield>
      <subfield code="d">2015-02-09</subfield>
      <subfield code="y">BK</subfield>
      <subfield code="p">05-47028</subfield>
      <subfield code="i">05-47028</subfield>
      <subfield code="g">69</subfield>
      <subfield code="o">821.133.1 P798r</subfield>
      <subfield code="e">Donación Flia. Celada</subfield>
      <subfield code="8">CG</subfield>
    </datafield>
  </record>