
  <record>
    <leader>01000aam  22002601a 4500</leader>
    <controlfield tag="001">YPZ99388</controlfield>
    <controlfield tag="003">YPZ</controlfield>
    <controlfield tag="005">201502191614540</controlfield>
    <controlfield tag="008">150219|###########||||||b||||||||||spa|d</controlfield>
    <datafield tag="020" ind1=" " ind2=" ">
      <subfield code="a">9685679576</subfield>
    </datafield>
    <datafield tag="040" ind1=" " ind2=" ">
      <subfield code="c">SIUNPA</subfield>
    </datafield>
    <datafield tag="041" ind1=" " ind2=" ">
      <subfield code="a">spa</subfield>
    </datafield>
    <datafield tag="044" ind1=" " ind2=" ">
      <subfield code="a">MX</subfield>
    </datafield>
    <datafield tag="080" ind1=" " ind2=" ">
      <subfield code="a">821.163.41 P338p</subfield>
    </datafield>
    <datafield tag="100" ind1=" " ind2=" ">
      <subfield code="a">Pavić, Milorad.</subfield>
    </datafield>
    <datafield tag="245" ind1=" " ind2=" ">
      <subfield code="a">Pieza única</subfield>
      <subfield code="b"> : una novela-delta</subfield>
      <subfield code="c"> / Sužnjević, Dubravka, tr.</subfield>
    </datafield>
    <datafield tag="250" ind1=" " ind2=" ">
      <subfield code="a">1a ed.</subfield>
    </datafield>
    <datafield tag="260" ind1=" " ind2=" ">
      <subfield code="a">México, D.F.</subfield>
      <subfield code="b"> : Sexto Piso</subfield>
      <subfield code="c"> , 2007</subfield>
    </datafield>
    <datafield tag="300" ind1=" " ind2=" ">
      <subfield code="a">85 p. : </subfield>
      <subfield code="b">il. ; </subfield>
      <subfield code="a">123 p. : </subfield>
      <subfield code="b">il. ; </subfield>
      <subfield code="a">649 p. : </subfield>
      <subfield code="b">il. ; </subfield>
      <subfield code="a">212 p. : </subfield>
      <subfield code="b">il. ; </subfield>
      <subfield code="a">126 p. : </subfield>
      <subfield code="a">279 p. : </subfield>
      <subfield code="a">134 p. : </subfield>
      <subfield code="a">129 p. : </subfield>
      <subfield code="a">108 p. : </subfield>
      <subfield code="a">168 p. : </subfield>
      <subfield code="a">214 p. : </subfield>
      <subfield code="a">257 p. : </subfield>
      <subfield code="a">218 p. : </subfield>
      <subfield code="a">255 p. : </subfield>
      <subfield code="a">228 p. : </subfield>
      <subfield code="a">239 p. : </subfield>
      <subfield code="b">il. ; </subfield>
      <subfield code="a">212 p. : </subfield>
      <subfield code="a">141 p. : </subfield>
      <subfield code="a">287 p. : </subfield>
      <subfield code="a">222 p. : </subfield>
      <subfield code="a">158 p. : </subfield>
      <subfield code="a">258 p. : </subfield>
      <subfield code="a">155 p. : </subfield>
      <subfield code="b">il. ; </subfield>
      <subfield code="a">152 p. : </subfield>
      <subfield code="a">151 p. : </subfield>
      <subfield code="a">191 p. : </subfield>
      <subfield code="a">197 p. : </subfield>
      <subfield code="a">211 p. : </subfield>
      <subfield code="a">140 p. : </subfield>
      <subfield code="a">115 p. : </subfield>
      <subfield code="a">238 p. : </subfield>
      <subfield code="a">143 p. : </subfield>
      <subfield code="a">155 p. : </subfield>
      <subfield code="a">211 p. : </subfield>
      <subfield code="a">190 p. : </subfield>
      <subfield code="a">139 p. : </subfield>
      <subfield code="a">222 p. : </subfield>
      <subfield code="b">il. ; </subfield>
      <subfield code="a">xii, 311 p. : </subfield>
      <subfield code="b">il. ; </subfield>
      <subfield code="a">470 p. : </subfield>
      <subfield code="a">xxxvi, 282 p. : </subfield>
      <subfield code="a">185 p. : </subfield>
      <subfield code="a">124 p. : </subfield>
      <subfield code="a">114 p. : </subfield>
      <subfield code="b">il. ; </subfield>
      <subfield code="a">156 p. : </subfield>
      <subfield code="a">158 p. : </subfield>
      <subfield code="a">223 p. : </subfield>
      <subfield code="a">x, 275 p. : </subfield>
      <subfield code="a">viii, 423 p. : </subfield>
      <subfield code="b">il. ; </subfield>
      <subfield code="a">191 p. : </subfield>
      <subfield code="a">296 p. : </subfield>
      <subfield code="a">223 p. : </subfield>
      <subfield code="a">172 p. : </subfield>
      <subfield code="a">160 p. : </subfield>
      <subfield code="b">il. ; </subfield>
      <subfield code="a">176 p. : </subfield>
      <subfield code="b">il. ; </subfield>
      <subfield code="a">149 p. : </subfield>
      <subfield code="e">1 cuaderno azul del inspector superior Eugen Stross (85 p.)</subfield>
    </datafield>
    <datafield tag="650" ind1=" " ind2=" ">
      <subfield code="a"> LITERATURA SERBIA</subfield>
    </datafield>
    <datafield tag="650" ind1=" " ind2=" ">
      <subfield code="a"> NOVELA</subfield>
    </datafield>
    <datafield tag="942" ind1=" " ind2=" ">
      <subfield code="c">BK</subfield>
    </datafield>
    <datafield tag="952" ind1=" " ind2=" ">
      <subfield code="a">BIB_RECT</subfield>
      <subfield code="b">BIB_UARG</subfield>
      <subfield code="d">2015-02-18</subfield>
      <subfield code="y">BK</subfield>
      <subfield code="p">05-47073</subfield>
      <subfield code="i">05-47073</subfield>
      <subfield code="g">150</subfield>
      <subfield code="o">821.163.41 P338p</subfield>
      <subfield code="e">Donación Velázquez, Denis</subfield>
      <subfield code="8">CG</subfield>
    </datafield>
  </record>