
  <record>
    <leader>01000aam  22002601a 4500</leader>
    <controlfield tag="001">YPZ99451</controlfield>
    <controlfield tag="003">YPZ</controlfield>
    <controlfield tag="005">201503061518260</controlfield>
    <controlfield tag="008">150306|###########||||||b||||||||||spa|d</controlfield>
    <datafield tag="040" ind1=" " ind2=" ">
      <subfield code="c">SIUNPA</subfield>
    </datafield>
    <datafield tag="041" ind1=" " ind2=" ">
      <subfield code="a">spa</subfield>
    </datafield>
    <datafield tag="044" ind1=" " ind2=" ">
      <subfield code="a">AR</subfield>
    </datafield>
    <datafield tag="080" ind1=" " ind2=" ">
      <subfield code="a">821.134.2 M542an</subfield>
    </datafield>
    <datafield tag="100" ind1=" " ind2=" ">
      <subfield code="a">Menéndez Pelayo, Marcelino.</subfield>
    </datafield>
    <datafield tag="240" ind1=" " ind2=" ">
      <subfield code="a">[Obras completas]</subfield>
    </datafield>
    <datafield tag="245" ind1=" " ind2=" ">
      <subfield code="a">Antología de poetas líricos castellanos</subfield>
    </datafield>
    <datafield tag="260" ind1=" " ind2=" ">
      <subfield code="a">Buenos Aires</subfield>
      <subfield code="b"> : Espasa-Calpe</subfield>
      <subfield code="c"> , 1952</subfield>
    </datafield>
    <datafield tag="505" ind1=" " ind2=" ">
      <subfield code="a">Contenido: v.1. La poesía en la Edad Media -- v.2. La poesía en la Edad Media -- v.3. La poesía en la Edad Media -- v.4. La poesía en la Edad Media -- v.5. La poesía en la Edad Media -- v.6. Romances viejos castellanos -- v.7. Romances viejos castellanos -- v.8. Tratado de los romances viejos -- v.9. Tratado de los romances viejos -- v.10. Juan Boscán, estudio y crítica</subfield>
    </datafield>
    <datafield tag="650" ind1=" " ind2=" ">
      <subfield code="a"> LITERATURA ESPAÑOLA</subfield>
    </datafield>
    <datafield tag="650" ind1=" " ind2=" ">
      <subfield code="a"> ANTOLOGIA</subfield>
    </datafield>
    <datafield tag="942" ind1=" " ind2=" ">
      <subfield code="c">BK</subfield>
    </datafield>
    <datafield tag="952" ind1=" " ind2=" ">
      <subfield code="a">BIB_RECT</subfield>
      <subfield code="b">BIB_UARG</subfield>
      <subfield code="d">2015-03-06</subfield>
      <subfield code="y">BK</subfield>
      <subfield code="p">05-47166</subfield>
      <subfield code="i">05-47166</subfield>
      <subfield code="g">70</subfield>
      <subfield code="o">821.134.2 M542an</subfield>
      <subfield code="e">Don. Flia. Celada</subfield>
      <subfield code="8">CG</subfield>
    </datafield>
    <datafield tag="952" ind1=" " ind2=" ">
      <subfield code="a">BIB_RECT</subfield>
      <subfield code="b">BIB_UARG</subfield>
      <subfield code="d">2015-03-06</subfield>
      <subfield code="y">BK</subfield>
      <subfield code="p">05-47167</subfield>
      <subfield code="i">05-47167</subfield>
      <subfield code="g">70</subfield>
      <subfield code="o">821.134.2 M542an</subfield>
      <subfield code="e">Don. Flia. Celada</subfield>
      <subfield code="8">CG</subfield>
    </datafield>
    <datafield tag="952" ind1=" " ind2=" ">
      <subfield code="a">BIB_RECT</subfield>
      <subfield code="b">BIB_UARG</subfield>
      <subfield code="d">2015-03-06</subfield>
      <subfield code="y">BK</subfield>
      <subfield code="p">05-47168</subfield>
      <subfield code="i">05-47168</subfield>
      <subfield code="g">70</subfield>
      <subfield code="o">821.134.2 M542an</subfield>
      <subfield code="e">Don. Flia. Celada</subfield>
      <subfield code="8">CG</subfield>
    </datafield>
    <datafield tag="952" ind1=" " ind2=" ">
      <subfield code="a">BIB_RECT</subfield>
      <subfield code="b">BIB_UARG</subfield>
      <subfield code="d">2015-03-06</subfield>
      <subfield code="y">BK</subfield>
      <subfield code="p">05-47169</subfield>
      <subfield code="i">05-47169</subfield>
      <subfield code="g">70</subfield>
      <subfield code="o">821.134.2 M542an</subfield>
      <subfield code="e">Don. Flia. Celada</subfield>
      <subfield code="8">CG</subfield>
    </datafield>
    <datafield tag="952" ind1=" " ind2=" ">
      <subfield code="a">BIB_RECT</subfield>
      <subfield code="b">BIB_UARG</subfield>
      <subfield code="d">2015-03-06</subfield>
      <subfield code="y">BK</subfield>
      <subfield code="p">05-47170</subfield>
      <subfield code="i">05-47170</subfield>
      <subfield code="g">70</subfield>
      <subfield code="o">821.134.2 M542an</subfield>
      <subfield code="e">Don. Flia. Celada</subfield>
      <subfield code="8">CG</subfield>
    </datafield>
    <datafield tag="952" ind1=" " ind2=" ">
      <subfield code="a">BIB_RECT</subfield>
      <subfield code="b">BIB_UARG</subfield>
      <subfield code="d">2015-03-06</subfield>
      <subfield code="y">BK</subfield>
      <subfield code="p">05-47171</subfield>
      <subfield code="i">05-47171</subfield>
      <subfield code="g">70</subfield>
      <subfield code="o">821.134.2 M542an</subfield>
      <subfield code="e">Don. Flia. Celada</subfield>
      <subfield code="8">CG</subfield>
    </datafield>
    <datafield tag="952" ind1=" " ind2=" ">
      <subfield code="a">BIB_RECT</subfield>
      <subfield code="b">BIB_UARG</subfield>
      <subfield code="d">2015-03-06</subfield>
      <subfield code="y">BK</subfield>
      <subfield code="p">05-47172</subfield>
      <subfield code="i">05-47172</subfield>
      <subfield code="g">70</subfield>
      <subfield code="o">821.134.2 M542an</subfield>
      <subfield code="e">Don. Flia. Celada</subfield>
      <subfield code="8">CG</subfield>
    </datafield>
    <datafield tag="952" ind1=" " ind2=" ">
      <subfield code="a">BIB_RECT</subfield>
      <subfield code="b">BIB_UARG</subfield>
      <subfield code="d">2015-03-06</subfield>
      <subfield code="y">BK</subfield>
      <subfield code="p">05-47173</subfield>
      <subfield code="i">05-47173</subfield>
      <subfield code="g">70</subfield>
      <subfield code="o">821.134.2 M542an</subfield>
      <subfield code="e">Don. Flia. Celada</subfield>
      <subfield code="8">CG</subfield>
    </datafield>
    <datafield tag="952" ind1=" " ind2=" ">
      <subfield code="a">BIB_RECT</subfield>
      <subfield code="b">BIB_UARG</subfield>
      <subfield code="d">2015-03-06</subfield>
      <subfield code="y">BK</subfield>
      <subfield code="p">05-47174</subfield>
      <subfield code="i">05-47174</subfield>
      <subfield code="g">70</subfield>
      <subfield code="o">821.134.2 M542an</subfield>
      <subfield code="e">Don. Flia. Celada</subfield>
      <subfield code="8">CG</subfield>
    </datafield>
    <datafield tag="952" ind1=" " ind2=" ">
      <subfield code="a">BIB_RECT</subfield>
      <subfield code="b">BIB_UARG</subfield>
      <subfield code="d">2015-03-06</subfield>
      <subfield code="y">BK</subfield>
      <subfield code="p">05-47175</subfield>
      <subfield code="i">05-47175</subfield>
      <subfield code="g">70</subfield>
      <subfield code="o">821.134.2 M542an</subfield>
      <subfield code="e">Don. Flia. Celada</subfield>
      <subfield code="8">CG</subfield>
    </datafield>
  </record>