
  <record>
    <leader>01000aam  22002601a 4500</leader>
    <controlfield tag="001">YPZ99453</controlfield>
    <controlfield tag="003">YPZ</controlfield>
    <controlfield tag="005">201503061651410</controlfield>
    <controlfield tag="008">150306|###########||||||b||||||||||spa|d</controlfield>
    <datafield tag="040" ind1=" " ind2=" ">
      <subfield code="c">SIUNPA</subfield>
    </datafield>
    <datafield tag="041" ind1=" " ind2=" ">
      <subfield code="a">spa</subfield>
    </datafield>
    <datafield tag="044" ind1=" " ind2=" ">
      <subfield code="a">AR</subfield>
    </datafield>
    <datafield tag="080" ind1=" " ind2=" ">
      <subfield code="a">R(031) E561enc</subfield>
    </datafield>
    <datafield tag="245" ind1=" " ind2=" ">
      <subfield code="a">Enciclopedia ilustrada de la lengua castellana</subfield>
    </datafield>
    <datafield tag="250" ind1=" " ind2=" ">
      <subfield code="a">1a ed.</subfield>
    </datafield>
    <datafield tag="260" ind1=" " ind2=" ">
      <subfield code="a">Buenos Aires</subfield>
      <subfield code="b"> : Sopena</subfield>
      <subfield code="c"> , 1946</subfield>
    </datafield>
    <datafield tag="500" ind1=" " ind2=" ">
      <subfield code="a">Tít. de partida Sapiens</subfield>
    </datafield>
    <datafield tag="500" ind1=" " ind2=" ">
      <subfield code="a">En portada: Con un apéndice</subfield>
    </datafield>
    <datafield tag="500" ind1=" " ind2=" ">
      <subfield code="a">250.000 artículos, con más de un millón de acepciones - 22.000 grabados - 32 mapas en colores - 80 láminas y 64 mapas en negro - 32 páginas en citocromía</subfield>
    </datafield>
    <datafield tag="505" ind1=" " ind2=" ">
      <subfield code="a">contenido: t.1. A-D -- t.2. E-O -- t.3. P-Z</subfield>
    </datafield>
    <datafield tag="650" ind1=" " ind2=" ">
      <subfield code="a"> ENCICLOPEDIA</subfield>
    </datafield>
    <datafield tag="942" ind1=" " ind2=" ">
      <subfield code="c">BK</subfield>
    </datafield>
    <datafield tag="952" ind1=" " ind2=" ">
      <subfield code="a">BIB_RECT</subfield>
      <subfield code="b">BIB_UARG</subfield>
      <subfield code="d">2015-03-06</subfield>
      <subfield code="y">BK</subfield>
      <subfield code="p">05-47160</subfield>
      <subfield code="i">05-47160</subfield>
      <subfield code="g">380</subfield>
      <subfield code="o">R(031) E561enc</subfield>
      <subfield code="e">Don. Flia. Celada</subfield>
      <subfield code="7">4</subfield>
      <subfield code="8">CR</subfield>
    </datafield>
    <datafield tag="952" ind1=" " ind2=" ">
      <subfield code="a">BIB_RECT</subfield>
      <subfield code="b">BIB_UARG</subfield>
      <subfield code="d">2015-03-06</subfield>
      <subfield code="y">BK</subfield>
      <subfield code="p">05-47161</subfield>
      <subfield code="i">05-47161</subfield>
      <subfield code="g">380</subfield>
      <subfield code="o">R(031) E561enc</subfield>
      <subfield code="e">Don. Flia. Celada</subfield>
      <subfield code="7">4</subfield>
      <subfield code="8">CR</subfield>
    </datafield>
    <datafield tag="952" ind1=" " ind2=" ">
      <subfield code="a">BIB_RECT</subfield>
      <subfield code="b">BIB_UARG</subfield>
      <subfield code="d">2015-03-06</subfield>
      <subfield code="y">BK</subfield>
      <subfield code="p">05-47162</subfield>
      <subfield code="i">05-47162</subfield>
      <subfield code="g">380</subfield>
      <subfield code="o">R(031) E561enc</subfield>
      <subfield code="e">Don. Flia. Celada</subfield>
      <subfield code="7">4</subfield>
      <subfield code="8">CR</subfield>
    </datafield>
  </record>