
  <record>
    <leader>01000aam  22002601a 4500</leader>
    <controlfield tag="001">YPZ99454</controlfield>
    <controlfield tag="003">YPZ</controlfield>
    <controlfield tag="005">201503111359160</controlfield>
    <controlfield tag="008">150311|###########||||||b||||||||||spa|d</controlfield>
    <datafield tag="020" ind1=" " ind2=" ">
      <subfield code="a">9789873714092</subfield>
    </datafield>
    <datafield tag="040" ind1=" " ind2=" ">
      <subfield code="c">SIUNPA</subfield>
    </datafield>
    <datafield tag="041" ind1=" " ind2=" ">
      <subfield code="a">spa</subfield>
    </datafield>
    <datafield tag="044" ind1=" " ind2=" ">
      <subfield code="a">AR</subfield>
    </datafield>
    <datafield tag="080" ind1=" " ind2=" ">
      <subfield code="a">725(828) A471a</subfield>
    </datafield>
    <datafield tag="100" ind1=" " ind2=" ">
      <subfield code="a">Castro, María Angélica.</subfield>
    </datafield>
    <datafield tag="700" ind1=" " ind2=" ">
      <subfield code="a">Ibarroule, Ana María.</subfield>
    </datafield>
    <datafield tag="700" ind1=" " ind2=" ">
      <subfield code="a">Reynoso, Elio.</subfield>
    </datafield>
    <datafield tag="700" ind1=" " ind2=" ">
      <subfield code="a">Sampaoli, Patricia.</subfield>
    </datafield>
    <datafield tag="700" ind1=" " ind2=" ">
      <subfield code="a">Tagliorette, Alicia.</subfield>
    </datafield>
    <datafield tag="245" ind1=" " ind2=" ">
      <subfield code="a">Alumbrando el camino de los silencios</subfield>
      <subfield code="b"> : reflexiones sobre el rescate del patrimonio cultural de la provincia de Santa Cruz</subfield>
    </datafield>
    <datafield tag="250" ind1=" " ind2=" ">
      <subfield code="a">1a ed.</subfield>
    </datafield>
    <datafield tag="260" ind1=" " ind2=" ">
      <subfield code="a">Buenos Aires</subfield>
      <subfield code="b"> : Universidad Nacional de la Patagonia Austral, UNPAedita</subfield>
      <subfield code="c"> , 2014</subfield>
    </datafield>
    <datafield tag="650" ind1=" " ind2=" ">
      <subfield code="a"> ARQUITECTURA</subfield>
    </datafield>
    <datafield tag="650" ind1=" " ind2=" ">
      <subfield code="a"> PATRIMONIO CULTURAL</subfield>
    </datafield>
    <datafield tag="650" ind1=" " ind2=" ">
      <subfield code="a"> SANTA CRUZ (ARGENTINA)</subfield>
    </datafield>
    <datafield tag="942" ind1=" " ind2=" ">
      <subfield code="c">BK</subfield>
    </datafield>
    <datafield tag="952" ind1=" " ind2=" ">
      <subfield code="a">BIB_RECT</subfield>
      <subfield code="b">BIB_UACO</subfield>
      <subfield code="d">2015-03-11</subfield>
      <subfield code="y">BK</subfield>
      <subfield code="p">02-47185</subfield>
      <subfield code="i">02-47185</subfield>
      <subfield code="g">120</subfield>
      <subfield code="o">725(828) A471a</subfield>
      <subfield code="e">Secretaría de Extensión</subfield>
      <subfield code="8">CG</subfield>
    </datafield>
    <datafield tag="952" ind1=" " ind2=" ">
      <subfield code="a">BIB_RECT</subfield>
      <subfield code="b">BIB_UACO</subfield>
      <subfield code="d">2015-03-11</subfield>
      <subfield code="y">BK</subfield>
      <subfield code="p">02-47186</subfield>
      <subfield code="i">02-47186</subfield>
      <subfield code="g">120</subfield>
      <subfield code="o">725(828) A471a</subfield>
      <subfield code="e">Secretaría de Extensión</subfield>
      <subfield code="8">CG</subfield>
    </datafield>
    <datafield tag="952" ind1=" " ind2=" ">
      <subfield code="a">BIB_RECT</subfield>
      <subfield code="b">BIB_UACO</subfield>
      <subfield code="d">2015-03-11</subfield>
      <subfield code="y">BK</subfield>
      <subfield code="p">02-47187</subfield>
      <subfield code="i">02-47187</subfield>
      <subfield code="g">120</subfield>
      <subfield code="o">725(828) A471a</subfield>
      <subfield code="e">Secretaría de Extensión</subfield>
      <subfield code="8">CG</subfield>
    </datafield>
    <datafield tag="952" ind1=" " ind2=" ">
      <subfield code="a">BIB_RECT</subfield>
      <subfield code="b">BIB_UACO</subfield>
      <subfield code="d">2016-05-10</subfield>
      <subfield code="y">BK</subfield>
      <subfield code="p">02-47916</subfield>
      <subfield code="i">02-47916</subfield>
      <subfield code="g">120</subfield>
      <subfield code="o">725(828) A471a</subfield>
      <subfield code="e">Donación Prof. Sampaoli, Patricia</subfield>
      <subfield code="8">CG</subfield>
    </datafield>
    <datafield tag="952" ind1=" " ind2=" ">
      <subfield code="a">BIB_RECT</subfield>
      <subfield code="b">BIB_UART</subfield>
      <subfield code="d">2015-03-11</subfield>
      <subfield code="y">BK</subfield>
      <subfield code="p">03-47197</subfield>
      <subfield code="i">03-47197</subfield>
      <subfield code="g">120</subfield>
      <subfield code="o">725(828) A471a</subfield>
      <subfield code="e">Secretaría de Extensión</subfield>
      <subfield code="8">CG</subfield>
    </datafield>
    <datafield tag="952" ind1=" " ind2=" ">
      <subfield code="a">BIB_RECT</subfield>
      <subfield code="b">BIB_UART</subfield>
      <subfield code="d">2015-03-11</subfield>
      <subfield code="y">BK</subfield>
      <subfield code="p">03-47198</subfield>
      <subfield code="i">03-47198</subfield>
      <subfield code="g">120</subfield>
      <subfield code="o">725(828) A471a</subfield>
      <subfield code="e">Secretaría de Extensión</subfield>
      <subfield code="8">CG</subfield>
    </datafield>
    <datafield tag="952" ind1=" " ind2=" ">
      <subfield code="a">BIB_RECT</subfield>
      <subfield code="b">BIB_UART</subfield>
      <subfield code="d">2015-03-11</subfield>
      <subfield code="y">BK</subfield>
      <subfield code="p">03-47199</subfield>
      <subfield code="i">03-47199</subfield>
      <subfield code="g">120</subfield>
      <subfield code="o">725(828) A471a</subfield>
      <subfield code="e">Secretaría de Extensión</subfield>
      <subfield code="8">CG</subfield>
    </datafield>
    <datafield tag="952" ind1=" " ind2=" ">
      <subfield code="a">BIB_RECT</subfield>
      <subfield code="b">BIB_UASJ</subfield>
      <subfield code="d">2015-03-12</subfield>
      <subfield code="y">BK</subfield>
      <subfield code="p">04-47209</subfield>
      <subfield code="i">04-47209</subfield>
      <subfield code="g">120</subfield>
      <subfield code="o">725(828) A471a</subfield>
      <subfield code="e">Secretaría de Extensión</subfield>
      <subfield code="8">CG</subfield>
    </datafield>
    <datafield tag="952" ind1=" " ind2=" ">
      <subfield code="a">BIB_RECT</subfield>
      <subfield code="b">BIB_UASJ</subfield>
      <subfield code="d">2015-03-12</subfield>
      <subfield code="y">BK</subfield>
      <subfield code="p">04-47210</subfield>
      <subfield code="i">04-47210</subfield>
      <subfield code="g">120</subfield>
      <subfield code="o">725(828) A471a</subfield>
      <subfield code="e">Secretaría de Extensión</subfield>
      <subfield code="8">CG</subfield>
    </datafield>
    <datafield tag="952" ind1=" " ind2=" ">
      <subfield code="a">BIB_RECT</subfield>
      <subfield code="b">BIB_UARG</subfield>
      <subfield code="d">2015-03-12</subfield>
      <subfield code="y">BK</subfield>
      <subfield code="p">04-47211</subfield>
      <subfield code="i">04-47211</subfield>
      <subfield code="g">120</subfield>
      <subfield code="o">725(828) A471a</subfield>
      <subfield code="e">Secretaría de Extensión</subfield>
      <subfield code="8">CG</subfield>
    </datafield>
    <datafield tag="952" ind1=" " ind2=" ">
      <subfield code="a">BIB_RECT</subfield>
      <subfield code="b">BIB_UARG</subfield>
      <subfield code="d">2015-03-12</subfield>
      <subfield code="y">BK</subfield>
      <subfield code="p">05-47221</subfield>
      <subfield code="i">05-47221</subfield>
      <subfield code="g">120</subfield>
      <subfield code="o">725(828) A471a</subfield>
      <subfield code="e">Secretaría de Extensión</subfield>
      <subfield code="8">CG</subfield>
    </datafield>
    <datafield tag="952" ind1=" " ind2=" ">
      <subfield code="a">BIB_RECT</subfield>
      <subfield code="b">BIB_UARG</subfield>
      <subfield code="d">2015-03-12</subfield>
      <subfield code="y">BK</subfield>
      <subfield code="p">05-47222</subfield>
      <subfield code="i">05-47222</subfield>
      <subfield code="g">120</subfield>
      <subfield code="o">725(828) A471a</subfield>
      <subfield code="e">Secretaría de Extensión</subfield>
      <subfield code="8">CG</subfield>
    </datafield>
    <datafield tag="952" ind1=" " ind2=" ">
      <subfield code="a">BIB_RECT</subfield>
      <subfield code="b">BIB_UARG</subfield>
      <subfield code="d">2015-03-12</subfield>
      <subfield code="y">BK</subfield>
      <subfield code="p">05-47223</subfield>
      <subfield code="i">05-47223</subfield>
      <subfield code="g">120</subfield>
      <subfield code="o">725(828) A471a</subfield>
      <subfield code="e">Secretaría de Extensión</subfield>
      <subfield code="8">CG</subfield>
    </datafield>
    <datafield tag="952" ind1=" " ind2=" ">
      <subfield code="a">BIB_RECT</subfield>
      <subfield code="b">SAT_TRUN</subfield>
      <subfield code="d">2015-03-12</subfield>
      <subfield code="y">BK</subfield>
      <subfield code="p">10-47227</subfield>
      <subfield code="i">10-47227</subfield>
      <subfield code="g">120</subfield>
      <subfield code="o">725(828) A471a</subfield>
      <subfield code="e">Secretaría de Extensión</subfield>
      <subfield code="8">CG</subfield>
    </datafield>
    <datafield tag="952" ind1=" " ind2=" ">
      <subfield code="a">BIB_RECT</subfield>
      <subfield code="b">SAT_PBNA</subfield>
      <subfield code="d">2015-03-12</subfield>
      <subfield code="y">BK</subfield>
      <subfield code="p">11-47231</subfield>
      <subfield code="i">11-47231</subfield>
      <subfield code="g">120</subfield>
      <subfield code="o">725(828) A471a</subfield>
      <subfield code="e">Secretaría de Extensión</subfield>
      <subfield code="8">CG</subfield>
    </datafield>
    <datafield tag="952" ind1=" " ind2=" "/>
    <datafield tag="952" ind1=" " ind2=" "/>
    <datafield tag="952" ind1=" " ind2=" ">
      <subfield code="a">BIB_RECT</subfield>
      <subfield code="b">SAT_PDES</subfield>
      <subfield code="d">2015-03-12</subfield>
      <subfield code="y">BK</subfield>
      <subfield code="p">16-47243</subfield>
      <subfield code="i">16-47243</subfield>
      <subfield code="g">120</subfield>
      <subfield code="o">725(828) A471a</subfield>
      <subfield code="e">Secretaría de Extensión</subfield>
      <subfield code="8">CG</subfield>
    </datafield>
    <datafield tag="952" ind1=" " ind2=" "/>
    <datafield tag="952" ind1=" " ind2=" ">
      <subfield code="a">BIB_RECT</subfield>
      <subfield code="b">SAT_GREG</subfield>
      <subfield code="d">2015-03-12</subfield>
      <subfield code="y">BK</subfield>
      <subfield code="p">18-47251</subfield>
      <subfield code="i">18-47251</subfield>
      <subfield code="g">120</subfield>
      <subfield code="o">725(828) A471a</subfield>
      <subfield code="e">Secretaría de Extensión</subfield>
      <subfield code="8">CG</subfield>
    </datafield>
    <datafield tag="952" ind1=" " ind2=" "/>
  </record>