
  <record>
    <leader>01000aam  22002601a 4500</leader>
    <controlfield tag="001">YPZ99455</controlfield>
    <controlfield tag="003">YPZ</controlfield>
    <controlfield tag="005">201503111410040</controlfield>
    <controlfield tag="008">150311|###########||||||b||||||||||spa|d</controlfield>
    <datafield tag="020" ind1=" " ind2=" ">
      <subfield code="a">9789873714078</subfield>
    </datafield>
    <datafield tag="040" ind1=" " ind2=" ">
      <subfield code="c">SIUNPA</subfield>
    </datafield>
    <datafield tag="041" ind1=" " ind2=" ">
      <subfield code="a">spa</subfield>
    </datafield>
    <datafield tag="044" ind1=" " ind2=" ">
      <subfield code="a">AR</subfield>
    </datafield>
    <datafield tag="080" ind1=" " ind2=" ">
      <subfield code="a">008 A473n</subfield>
    </datafield>
    <datafield tag="100" ind1=" " ind2=" ">
      <subfield code="a">Álvarez, Pamela.</subfield>
    </datafield>
    <datafield tag="700" ind1=" " ind2=" ">
      <subfield code="a">Bessone, Cristian.</subfield>
    </datafield>
    <datafield tag="700" ind1=" " ind2=" ">
      <subfield code="a">Kulemeyer, Jorge.</subfield>
    </datafield>
    <datafield tag="245" ind1=" " ind2=" ">
      <subfield code="a">El nuestro social</subfield>
      <subfield code="b"> : patrimonio y gestión. Apuntes de un proceso cambiante</subfield>
    </datafield>
    <datafield tag="250" ind1=" " ind2=" ">
      <subfield code="a">1a ed.</subfield>
    </datafield>
    <datafield tag="260" ind1=" " ind2=" ">
      <subfield code="a">Buenos Aires</subfield>
      <subfield code="b"> : Universidad Nacional de la Patagonia Austral, UNPAedita</subfield>
      <subfield code="c"> , 2014</subfield>
    </datafield>
    <datafield tag="650" ind1=" " ind2=" ">
      <subfield code="a"> PATRIMONIO</subfield>
    </datafield>
    <datafield tag="650" ind1=" " ind2=" ">
      <subfield code="a"> ESTUDIOS CULTURALES</subfield>
    </datafield>
    <datafield tag="942" ind1=" " ind2=" ">
      <subfield code="c">BK</subfield>
    </datafield>
    <datafield tag="952" ind1=" " ind2=" ">
      <subfield code="a">BIB_RECT</subfield>
      <subfield code="b">BIB_UACO</subfield>
      <subfield code="d">2015-03-11</subfield>
      <subfield code="y">BK</subfield>
      <subfield code="p">02-47179</subfield>
      <subfield code="i">02-47179</subfield>
      <subfield code="g">100</subfield>
      <subfield code="o">008 A473n</subfield>
      <subfield code="e">Secretaría de Extensión</subfield>
      <subfield code="8">CG</subfield>
    </datafield>
    <datafield tag="952" ind1=" " ind2=" ">
      <subfield code="a">BIB_RECT</subfield>
      <subfield code="b">BIB_UACO</subfield>
      <subfield code="d">2015-03-11</subfield>
      <subfield code="y">BK</subfield>
      <subfield code="p">02-47180</subfield>
      <subfield code="i">02-47180</subfield>
      <subfield code="g">100</subfield>
      <subfield code="o">008 A473n</subfield>
      <subfield code="e">Secretaría de Extensión</subfield>
      <subfield code="8">CG</subfield>
    </datafield>
    <datafield tag="952" ind1=" " ind2=" ">
      <subfield code="a">BIB_RECT</subfield>
      <subfield code="b">BIB_UACO</subfield>
      <subfield code="d">2015-03-11</subfield>
      <subfield code="y">BK</subfield>
      <subfield code="p">02-47181</subfield>
      <subfield code="i">02-47181</subfield>
      <subfield code="g">100</subfield>
      <subfield code="o">008 A473n</subfield>
      <subfield code="e">Secretaría de Extensión</subfield>
      <subfield code="8">CG</subfield>
    </datafield>
    <datafield tag="952" ind1=" " ind2=" ">
      <subfield code="a">BIB_RECT</subfield>
      <subfield code="b">BIB_UART</subfield>
      <subfield code="d">2015-03-11</subfield>
      <subfield code="y">BK</subfield>
      <subfield code="p">03-47191</subfield>
      <subfield code="i">03-47191</subfield>
      <subfield code="g">100</subfield>
      <subfield code="o">008 A473n</subfield>
      <subfield code="e">Secretaría de Extensión</subfield>
      <subfield code="8">CG</subfield>
    </datafield>
    <datafield tag="952" ind1=" " ind2=" ">
      <subfield code="a">BIB_RECT</subfield>
      <subfield code="b">BIB_UART</subfield>
      <subfield code="d">2015-03-11</subfield>
      <subfield code="y">BK</subfield>
      <subfield code="p">03-47192</subfield>
      <subfield code="i">03-47192</subfield>
      <subfield code="g">100</subfield>
      <subfield code="o">008 A473n</subfield>
      <subfield code="e">Secretaría de Extensión</subfield>
      <subfield code="8">CG</subfield>
    </datafield>
    <datafield tag="952" ind1=" " ind2=" ">
      <subfield code="a">BIB_RECT</subfield>
      <subfield code="b">BIB_UART</subfield>
      <subfield code="d">2015-03-11</subfield>
      <subfield code="y">BK</subfield>
      <subfield code="p">03-47193</subfield>
      <subfield code="i">03-47193</subfield>
      <subfield code="g">100</subfield>
      <subfield code="o">008 A473n</subfield>
      <subfield code="e">Secretaría de Extensión</subfield>
      <subfield code="8">CG</subfield>
    </datafield>
    <datafield tag="952" ind1=" " ind2=" ">
      <subfield code="a">BIB_RECT</subfield>
      <subfield code="b">BIB_UASJ</subfield>
      <subfield code="d">2015-03-12</subfield>
      <subfield code="y">BK</subfield>
      <subfield code="p">04-47203</subfield>
      <subfield code="i">04-47203</subfield>
      <subfield code="g">100</subfield>
      <subfield code="o">008 A473n</subfield>
      <subfield code="e">Secretaría de Extensión</subfield>
      <subfield code="8">CG</subfield>
    </datafield>
    <datafield tag="952" ind1=" " ind2=" ">
      <subfield code="a">BIB_RECT</subfield>
      <subfield code="b">BIB_UASJ</subfield>
      <subfield code="d">2015-03-12</subfield>
      <subfield code="y">BK</subfield>
      <subfield code="p">04-47204</subfield>
      <subfield code="i">04-47204</subfield>
      <subfield code="g">100</subfield>
      <subfield code="o">008 A473n</subfield>
      <subfield code="e">Secretaría de Extensión</subfield>
      <subfield code="8">CG</subfield>
    </datafield>
    <datafield tag="952" ind1=" " ind2=" ">
      <subfield code="a">BIB_RECT</subfield>
      <subfield code="b">BIB_UASJ</subfield>
      <subfield code="d">2015-03-12</subfield>
      <subfield code="y">BK</subfield>
      <subfield code="p">04-47205</subfield>
      <subfield code="i">04-47205</subfield>
      <subfield code="g">100</subfield>
      <subfield code="o">008 A473n</subfield>
      <subfield code="e">Secretaría de Extensión</subfield>
      <subfield code="8">CG</subfield>
    </datafield>
    <datafield tag="952" ind1=" " ind2=" ">
      <subfield code="a">BIB_RECT</subfield>
      <subfield code="b">BIB_UARG</subfield>
      <subfield code="d">2015-03-12</subfield>
      <subfield code="y">BK</subfield>
      <subfield code="p">05-47215</subfield>
      <subfield code="i">05-47215</subfield>
      <subfield code="g">100</subfield>
      <subfield code="o">008 A473n</subfield>
      <subfield code="e">Secretaría de Extensión</subfield>
      <subfield code="8">CG</subfield>
    </datafield>
    <datafield tag="952" ind1=" " ind2=" ">
      <subfield code="a">BIB_RECT</subfield>
      <subfield code="b">BIB_UARG</subfield>
      <subfield code="d">2015-03-12</subfield>
      <subfield code="y">BK</subfield>
      <subfield code="p">05-47216</subfield>
      <subfield code="i">05-47216</subfield>
      <subfield code="g">100</subfield>
      <subfield code="o">008 A473n</subfield>
      <subfield code="e">Secretaría de Extensión</subfield>
      <subfield code="8">CG</subfield>
    </datafield>
    <datafield tag="952" ind1=" " ind2=" ">
      <subfield code="a">BIB_RECT</subfield>
      <subfield code="b">BIB_UARG</subfield>
      <subfield code="d">2015-03-12</subfield>
      <subfield code="y">BK</subfield>
      <subfield code="p">05-47217</subfield>
      <subfield code="i">05-47217</subfield>
      <subfield code="g">100</subfield>
      <subfield code="o">008 A473n</subfield>
      <subfield code="e">Secretaría de Extensión</subfield>
      <subfield code="8">CG</subfield>
    </datafield>
    <datafield tag="952" ind1=" " ind2=" ">
      <subfield code="a">BIB_RECT</subfield>
      <subfield code="b">SAT_TRUN</subfield>
      <subfield code="d">2015-03-12</subfield>
      <subfield code="y">BK</subfield>
      <subfield code="p">10-47225</subfield>
      <subfield code="i">10-47225</subfield>
      <subfield code="g">100</subfield>
      <subfield code="o">008 A473n</subfield>
      <subfield code="e">Secretaría de Extensión</subfield>
      <subfield code="8">CG</subfield>
    </datafield>
    <datafield tag="952" ind1=" " ind2=" ">
      <subfield code="a">BIB_RECT</subfield>
      <subfield code="b">SAT_PBNA</subfield>
      <subfield code="d">2015-03-12</subfield>
      <subfield code="y">BK</subfield>
      <subfield code="p">11-47229</subfield>
      <subfield code="i">11-47229</subfield>
      <subfield code="g">100</subfield>
      <subfield code="o">008 A473n</subfield>
      <subfield code="e">Secretaría de Extensión</subfield>
      <subfield code="8">CG</subfield>
    </datafield>
    <datafield tag="952" ind1=" " ind2=" "/>
    <datafield tag="952" ind1=" " ind2=" "/>
    <datafield tag="952" ind1=" " ind2=" ">
      <subfield code="a">BIB_RECT</subfield>
      <subfield code="b">SAT_PDES</subfield>
      <subfield code="d">2015-03-12</subfield>
      <subfield code="y">BK</subfield>
      <subfield code="p">16-47241</subfield>
      <subfield code="i">16-47241</subfield>
      <subfield code="g">100</subfield>
      <subfield code="o">008 A473n</subfield>
      <subfield code="e">Secretaría de Extensión</subfield>
      <subfield code="8">CG</subfield>
    </datafield>
    <datafield tag="952" ind1=" " ind2=" "/>
    <datafield tag="952" ind1=" " ind2=" ">
      <subfield code="a">BIB_RECT</subfield>
      <subfield code="b">SAT_GREG</subfield>
      <subfield code="d">2015-03-12</subfield>
      <subfield code="y">BK</subfield>
      <subfield code="p">18-47249</subfield>
      <subfield code="i">18-47249</subfield>
      <subfield code="g">100</subfield>
      <subfield code="o">008 A473n</subfield>
      <subfield code="e">Secretaría de Extensión</subfield>
      <subfield code="8">CG</subfield>
    </datafield>
    <datafield tag="952" ind1=" " ind2=" "/>
  </record>