
  <record>
    <leader>01000aam  22002601a 4500</leader>
    <controlfield tag="001">YPZ99457</controlfield>
    <controlfield tag="003">YPZ</controlfield>
    <controlfield tag="005">201503181405230</controlfield>
    <controlfield tag="008">150318|###########||||||b||||||||||spa|d</controlfield>
    <datafield tag="040" ind1=" " ind2=" ">
      <subfield code="c">SIUNPA</subfield>
    </datafield>
    <datafield tag="041" ind1=" " ind2=" ">
      <subfield code="a">spa</subfield>
    </datafield>
    <datafield tag="044" ind1=" " ind2=" ">
      <subfield code="a">EU</subfield>
    </datafield>
    <datafield tag="080" ind1=" " ind2=" ">
      <subfield code="a">R82(031) T337t</subfield>
    </datafield>
    <datafield tag="245" ind1=" " ind2=" ">
      <subfield code="a">El tesoro de la juventud, ó, enciclopedia de conocimientos</subfield>
      <subfield code="c"> / Zeballos, Estanislao Severo, colaborador ; Edwards, Alberto, colaborador ; , colaborador ; Pérez, Abel J., colaborador ; Clark y Mascaró, Ismael, colaborador ; Rodó, José Enrique, colaborador ; Holmberg, Adolfo D., colaborador ; Urbina, Louis G., colaborador ; Fuentes Castro, Paulino, colaborador</subfield>
    </datafield>
    <datafield tag="260" ind1=" " ind2=" ">
      <subfield code="a">Boston, Mass.</subfield>
      <subfield code="b"> : W.M. Jackson</subfield>
      <subfield code="c"> , [ca. 1920]</subfield>
    </datafield>
    <datafield tag="505" ind1=" " ind2=" ">
      <subfield code="a">Contenido: La historia de la tierra -- América Latina -- Nuestra vida -- Los  por qué -- Cosas que debemos saber -- Los dos grandes reinos de la naturaleza -- Hombres y mujeres célebres -- Los países y sus costumbres -- Los libros célebres -- Juegos y pasatiempos -- Narraciones interesantes -- Poesía -- Hechos heróicos -- Lecciones recreativas</subfield>
    </datafield>
    <datafield tag="650" ind1=" " ind2=" ">
      <subfield code="a"> ENCICLOPEDIA</subfield>
    </datafield>
    <datafield tag="650" ind1=" " ind2=" ">
      <subfield code="a"> LITERATURA INFANTIL</subfield>
    </datafield>
    <datafield tag="942" ind1=" " ind2=" ">
      <subfield code="c">BK</subfield>
    </datafield>
    <datafield tag="952" ind1=" " ind2=" ">
      <subfield code="a">BIB_RECT</subfield>
      <subfield code="b">BIB_UARG</subfield>
      <subfield code="d">2015-03-18</subfield>
      <subfield code="y">BK</subfield>
      <subfield code="p">05-47256</subfield>
      <subfield code="i">05-47256</subfield>
      <subfield code="g">230</subfield>
      <subfield code="o">R82(031) T337t</subfield>
      <subfield code="e">Don. Flia. Celada, Amelia</subfield>
      <subfield code="7">4</subfield>
      <subfield code="8">CR</subfield>
    </datafield>
    <datafield tag="952" ind1=" " ind2=" ">
      <subfield code="a">BIB_RECT</subfield>
      <subfield code="b">BIB_UARG</subfield>
      <subfield code="d">2015-03-18</subfield>
      <subfield code="y">BK</subfield>
      <subfield code="p">05-47257</subfield>
      <subfield code="i">05-47257</subfield>
      <subfield code="g">230</subfield>
      <subfield code="o">R82(031) T337t</subfield>
      <subfield code="e">Don. Flia. Celada, Amelia</subfield>
      <subfield code="7">4</subfield>
      <subfield code="8">CR</subfield>
    </datafield>
    <datafield tag="952" ind1=" " ind2=" ">
      <subfield code="a">BIB_RECT</subfield>
      <subfield code="b">BIB_UARG</subfield>
      <subfield code="d">2015-03-18</subfield>
      <subfield code="y">BK</subfield>
      <subfield code="p">05-47258</subfield>
      <subfield code="i">05-47258</subfield>
      <subfield code="g">230</subfield>
      <subfield code="o">R82(031) T337t</subfield>
      <subfield code="e">Don. Flia. Celada, Amelia</subfield>
      <subfield code="7">4</subfield>
      <subfield code="8">CR</subfield>
    </datafield>
    <datafield tag="952" ind1=" " ind2=" ">
      <subfield code="a">BIB_RECT</subfield>
      <subfield code="b">BIB_UARG</subfield>
      <subfield code="d">2015-03-18</subfield>
      <subfield code="y">BK</subfield>
      <subfield code="p">05-47259</subfield>
      <subfield code="i">05-47259</subfield>
      <subfield code="g">230</subfield>
      <subfield code="o">R82(031) T337t</subfield>
      <subfield code="e">Don. Flia. Celada, Amelia</subfield>
      <subfield code="7">4</subfield>
      <subfield code="8">CR</subfield>
    </datafield>
    <datafield tag="952" ind1=" " ind2=" ">
      <subfield code="a">BIB_RECT</subfield>
      <subfield code="b">BIB_UARG</subfield>
      <subfield code="d">2015-03-18</subfield>
      <subfield code="y">BK</subfield>
      <subfield code="p">05-47260</subfield>
      <subfield code="i">05-47260</subfield>
      <subfield code="g">230</subfield>
      <subfield code="o">R82(031) T337t</subfield>
      <subfield code="e">Don. Flia. Celada, Amelia</subfield>
      <subfield code="7">4</subfield>
      <subfield code="8">CR</subfield>
    </datafield>
    <datafield tag="952" ind1=" " ind2=" ">
      <subfield code="a">BIB_RECT</subfield>
      <subfield code="b">BIB_UARG</subfield>
      <subfield code="d">2015-03-18</subfield>
      <subfield code="y">BK</subfield>
      <subfield code="p">05-47261</subfield>
      <subfield code="i">05-47261</subfield>
      <subfield code="g">230</subfield>
      <subfield code="o">R82(031) T337t</subfield>
      <subfield code="e">Don. Flia. Celada, Amelia</subfield>
      <subfield code="7">4</subfield>
      <subfield code="8">CR</subfield>
    </datafield>
    <datafield tag="952" ind1=" " ind2=" ">
      <subfield code="a">BIB_RECT</subfield>
      <subfield code="b">BIB_UARG</subfield>
      <subfield code="d">2015-03-18</subfield>
      <subfield code="y">BK</subfield>
      <subfield code="p">05-47262</subfield>
      <subfield code="i">05-47262</subfield>
      <subfield code="g">230</subfield>
      <subfield code="o">R82(031) T337t</subfield>
      <subfield code="e">Don. Flia. Celada, Amelia</subfield>
      <subfield code="7">4</subfield>
      <subfield code="8">CR</subfield>
    </datafield>
    <datafield tag="952" ind1=" " ind2=" ">
      <subfield code="a">BIB_RECT</subfield>
      <subfield code="b">BIB_UARG</subfield>
      <subfield code="d">2015-03-18</subfield>
      <subfield code="y">BK</subfield>
      <subfield code="p">05-47263</subfield>
      <subfield code="i">05-47263</subfield>
      <subfield code="g">230</subfield>
      <subfield code="o">R82(031) T337t</subfield>
      <subfield code="e">Don. Flia. Celada, Amelia</subfield>
      <subfield code="7">4</subfield>
      <subfield code="8">CR</subfield>
    </datafield>
    <datafield tag="952" ind1=" " ind2=" ">
      <subfield code="a">BIB_RECT</subfield>
      <subfield code="b">BIB_UARG</subfield>
      <subfield code="d">2015-03-18</subfield>
      <subfield code="y">BK</subfield>
      <subfield code="p">05-47264</subfield>
      <subfield code="i">05-47264</subfield>
      <subfield code="g">230</subfield>
      <subfield code="o">R82(031) T337t</subfield>
      <subfield code="e">Don. Flia. Celada, Amelia</subfield>
      <subfield code="7">4</subfield>
      <subfield code="8">CR</subfield>
    </datafield>
    <datafield tag="952" ind1=" " ind2=" ">
      <subfield code="a">BIB_RECT</subfield>
      <subfield code="b">BIB_UARG</subfield>
      <subfield code="d">2015-03-18</subfield>
      <subfield code="y">BK</subfield>
      <subfield code="p">05-47265</subfield>
      <subfield code="i">05-47265</subfield>
      <subfield code="g">230</subfield>
      <subfield code="o">R82(031) T337t</subfield>
      <subfield code="e">Don. Flia. Celada, Amelia</subfield>
      <subfield code="7">4</subfield>
      <subfield code="8">CR</subfield>
    </datafield>
    <datafield tag="952" ind1=" " ind2=" ">
      <subfield code="a">BIB_RECT</subfield>
      <subfield code="b">BIB_UARG</subfield>
      <subfield code="d">2015-03-18</subfield>
      <subfield code="y">BK</subfield>
      <subfield code="p">05-47266</subfield>
      <subfield code="i">05-47266</subfield>
      <subfield code="g">230</subfield>
      <subfield code="o">R82(031) T337t</subfield>
      <subfield code="e">Don. Flia. Celada, Amelia</subfield>
      <subfield code="7">4</subfield>
      <subfield code="8">CR</subfield>
    </datafield>
    <datafield tag="952" ind1=" " ind2=" ">
      <subfield code="a">BIB_RECT</subfield>
      <subfield code="b">BIB_UARG</subfield>
      <subfield code="d">2015-03-18</subfield>
      <subfield code="y">BK</subfield>
      <subfield code="p">05-47267</subfield>
      <subfield code="i">05-47267</subfield>
      <subfield code="g">230</subfield>
      <subfield code="o">R82(031) T337t</subfield>
      <subfield code="e">Don. Flia. Celada, Amelia</subfield>
      <subfield code="7">4</subfield>
      <subfield code="8">CR</subfield>
    </datafield>
    <datafield tag="952" ind1=" " ind2=" ">
      <subfield code="a">BIB_RECT</subfield>
      <subfield code="b">BIB_UARG</subfield>
      <subfield code="d">2015-03-18</subfield>
      <subfield code="y">BK</subfield>
      <subfield code="p">05-47268</subfield>
      <subfield code="i">05-47268</subfield>
      <subfield code="g">230</subfield>
      <subfield code="o">R82(031) T337t</subfield>
      <subfield code="e">Don. Flia. Celada, Amelia</subfield>
      <subfield code="7">4</subfield>
      <subfield code="8">CR</subfield>
    </datafield>
    <datafield tag="952" ind1=" " ind2=" ">
      <subfield code="a">BIB_RECT</subfield>
      <subfield code="b">BIB_UARG</subfield>
      <subfield code="d">2015-03-18</subfield>
      <subfield code="y">BK</subfield>
      <subfield code="p">05-47269</subfield>
      <subfield code="i">05-47269</subfield>
      <subfield code="g">230</subfield>
      <subfield code="o">R82(031) T337t</subfield>
      <subfield code="e">Don. Flia. Celada, Amelia</subfield>
      <subfield code="7">4</subfield>
      <subfield code="8">CR</subfield>
    </datafield>
    <datafield tag="952" ind1=" " ind2=" ">
      <subfield code="a">BIB_RECT</subfield>
      <subfield code="b">BIB_UARG</subfield>
      <subfield code="d">2015-03-18</subfield>
      <subfield code="y">BK</subfield>
      <subfield code="p">05-47270</subfield>
      <subfield code="i">05-47270</subfield>
      <subfield code="g">230</subfield>
      <subfield code="o">R82(031) T337t</subfield>
      <subfield code="e">Don. Flia. Celada, Amelia</subfield>
      <subfield code="7">4</subfield>
      <subfield code="8">CR</subfield>
    </datafield>
    <datafield tag="952" ind1=" " ind2=" ">
      <subfield code="a">BIB_RECT</subfield>
      <subfield code="b">BIB_UARG</subfield>
      <subfield code="d">2015-03-18</subfield>
      <subfield code="y">BK</subfield>
      <subfield code="p">05-47271</subfield>
      <subfield code="i">05-47271</subfield>
      <subfield code="g">230</subfield>
      <subfield code="o">R82(031) T337t</subfield>
      <subfield code="e">Don. Flia. Celada, Amelia</subfield>
      <subfield code="7">4</subfield>
      <subfield code="8">CR</subfield>
    </datafield>
    <datafield tag="952" ind1=" " ind2=" ">
      <subfield code="a">BIB_RECT</subfield>
      <subfield code="b">BIB_UARG</subfield>
      <subfield code="d">2015-03-18</subfield>
      <subfield code="y">BK</subfield>
      <subfield code="p">05-47272</subfield>
      <subfield code="i">05-47272</subfield>
      <subfield code="g">230</subfield>
      <subfield code="o">R82(031) T337t</subfield>
      <subfield code="e">Don. Flia. Celada, Amelia</subfield>
      <subfield code="7">4</subfield>
      <subfield code="8">CR</subfield>
    </datafield>
    <datafield tag="952" ind1=" " ind2=" ">
      <subfield code="a">BIB_RECT</subfield>
      <subfield code="b">BIB_UARG</subfield>
      <subfield code="d">2015-03-18</subfield>
      <subfield code="y">BK</subfield>
      <subfield code="p">05-47273</subfield>
      <subfield code="i">05-47273</subfield>
      <subfield code="g">230</subfield>
      <subfield code="o">R82(031) T337t</subfield>
      <subfield code="e">Don. Flia. Celada, Amelia</subfield>
      <subfield code="7">4</subfield>
      <subfield code="8">CR</subfield>
    </datafield>
    <datafield tag="952" ind1=" " ind2=" ">
      <subfield code="a">BIB_RECT</subfield>
      <subfield code="b">BIB_UARG</subfield>
      <subfield code="d">2015-03-18</subfield>
      <subfield code="y">BK</subfield>
      <subfield code="p">05-47274</subfield>
      <subfield code="i">05-47274</subfield>
      <subfield code="g">230</subfield>
      <subfield code="o">R82(031) T337t</subfield>
      <subfield code="e">Don. Flia. Celada, Amelia</subfield>
      <subfield code="7">4</subfield>
      <subfield code="8">CR</subfield>
    </datafield>
    <datafield tag="952" ind1=" " ind2=" ">
      <subfield code="a">BIB_RECT</subfield>
      <subfield code="b">BIB_UARG</subfield>
      <subfield code="d">2015-03-18</subfield>
      <subfield code="y">BK</subfield>
      <subfield code="p">05-47275</subfield>
      <subfield code="i">05-47275</subfield>
      <subfield code="g">230</subfield>
      <subfield code="o">R82(031) T337t</subfield>
      <subfield code="e">Don. Flia. Celada, Amelia</subfield>
      <subfield code="7">4</subfield>
      <subfield code="8">CR</subfield>
    </datafield>
  </record>