
  <record>
    <leader>01000aam  22002601a 4500</leader>
    <controlfield tag="001">YPZ99458</controlfield>
    <controlfield tag="003">YPZ</controlfield>
    <controlfield tag="005">201503301424190</controlfield>
    <controlfield tag="008">150330|###########||||||b||||||||||spa|d</controlfield>
    <datafield tag="040" ind1=" " ind2=" ">
      <subfield code="c">SIUNPA</subfield>
    </datafield>
    <datafield tag="041" ind1=" " ind2=" ">
      <subfield code="a">spa</subfield>
    </datafield>
    <datafield tag="044" ind1=" " ind2=" ">
      <subfield code="a">AR</subfield>
    </datafield>
    <datafield tag="080" ind1=" " ind2=" ">
      <subfield code="a">821.134.2 C146v</subfield>
    </datafield>
    <datafield tag="100" ind1=" " ind2=" ">
      <subfield code="a">Calderón de la Barca, Pedro.</subfield>
    </datafield>
    <datafield tag="245" ind1=" " ind2=" ">
      <subfield code="a">La vida es sueño</subfield>
      <subfield code="c"> / Polito, Antonio, resúmenes históricos, biográficos y literarios, notas explicativas, bibliog., juicios sobre el autor y sus obras y temas de estudio</subfield>
    </datafield>
    <datafield tag="250" ind1=" " ind2=" ">
      <subfield code="a">3a ed.</subfield>
    </datafield>
    <datafield tag="260" ind1=" " ind2=" ">
      <subfield code="a">Buenos Aires</subfield>
      <subfield code="b"> : Plus Ultra</subfield>
      <subfield code="c"> , 1973</subfield>
    </datafield>
    <datafield tag="440" ind1=" " ind2=" ">
      <subfield code="a">Serie del nuevo mundo</subfield>
      <subfield code="a">Cuadernos del sur</subfield>
      <subfield code="a">Cuadernos del sur</subfield>
      <subfield code="a">Cuadernos del sur</subfield>
      <subfield code="a">Coleccion juvenil Hachette</subfield>
      <subfield code="a">Colección Robin Hood</subfield>
      <subfield code="a">Biblioteca universal</subfield>
      <subfield code="v">v. 2</subfield>
    </datafield>
    <datafield tag="490" ind1=" " ind2=" ">
      <subfield code="a">Serie del nuevo mundo</subfield>
      <subfield code="a">Cuadernos del sur</subfield>
      <subfield code="a">Cuadernos del sur</subfield>
      <subfield code="a">Cuadernos del sur</subfield>
      <subfield code="a">Coleccion juvenil Hachette</subfield>
      <subfield code="a">Colección Robin Hood</subfield>
      <subfield code="a">Biblioteca universal</subfield>
      <subfield code="v">v. 2</subfield>
    </datafield>
    <datafield tag="650" ind1=" " ind2=" ">
      <subfield code="a"> LITERATURA ESPAÑOLA</subfield>
    </datafield>
    <datafield tag="650" ind1=" " ind2=" ">
      <subfield code="a"> TEATRO ESPAÑOL</subfield>
    </datafield>
    <datafield tag="942" ind1=" " ind2=" ">
      <subfield code="c">BK</subfield>
    </datafield>
    <datafield tag="952" ind1=" " ind2=" ">
      <subfield code="a">BIB_RECT</subfield>
      <subfield code="b">BIB_UARG</subfield>
      <subfield code="d">2015-03-30</subfield>
      <subfield code="y">BK</subfield>
      <subfield code="p">05-01857</subfield>
      <subfield code="i">05-01857</subfield>
      <subfield code="g">90</subfield>
      <subfield code="o">821.134.2 C146v</subfield>
      <subfield code="e">Migración UARG</subfield>
      <subfield code="8">CG</subfield>
    </datafield>
    <datafield tag="952" ind1=" " ind2=" ">
      <subfield code="a">BIB_RECT</subfield>
      <subfield code="b">BIB_UARG</subfield>
      <subfield code="d">2015-03-30</subfield>
      <subfield code="y">BK</subfield>
      <subfield code="p">05-11422</subfield>
      <subfield code="i">05-11422</subfield>
      <subfield code="g">90</subfield>
      <subfield code="o">821.134.2 C146v</subfield>
      <subfield code="e">Migración UARG</subfield>
      <subfield code="8">CG</subfield>
    </datafield>
  </record>