
  <record>
    <leader>01000aam  22002601a 4500</leader>
    <controlfield tag="001">YPZ99485</controlfield>
    <controlfield tag="003">YPZ</controlfield>
    <controlfield tag="005">201504011452130</controlfield>
    <controlfield tag="008">150401|###########||||||b||||||||||spa|d</controlfield>
    <datafield tag="020" ind1=" " ind2=" ">
      <subfield code="a">9789872457747</subfield>
    </datafield>
    <datafield tag="040" ind1=" " ind2=" ">
      <subfield code="c">SIUNPA</subfield>
    </datafield>
    <datafield tag="041" ind1=" " ind2=" ">
      <subfield code="a">spa</subfield>
    </datafield>
    <datafield tag="044" ind1=" " ind2=" ">
      <subfield code="a">AR</subfield>
    </datafield>
    <datafield tag="080" ind1=" " ind2=" ">
      <subfield code="a">94(828.6) I344i2</subfield>
    </datafield>
    <datafield tag="245" ind1=" " ind2=" ">
      <subfield code="a">Del imperio al desamparo</subfield>
      <subfield code="c"> / Coronato, Fernando, tr., comp.</subfield>
    </datafield>
    <datafield tag="260" ind1=" " ind2=" ">
      <subfield code="a">Puerto Madryn</subfield>
      <subfield code="b"> : El Regional</subfield>
      <subfield code="b"> : Asociación Punta Cuevas</subfield>
      <subfield code="c"> , 2013</subfield>
    </datafield>
    <datafield tag="500" ind1=" " ind2=" ">
      <subfield code="a">En cub. y portada: Traducción de 'La colonia Galesa' de Richard Jones, Glyn Du y Drafot, 1979-1920</subfield>
    </datafield>
    <datafield tag="650" ind1=" " ind2=" ">
      <subfield code="a"> HISTORIA DE CHUBUT</subfield>
    </datafield>
    <datafield tag="650" ind1=" " ind2=" ">
      <subfield code="a"> COLONIA GALESA (CHUBUT)</subfield>
    </datafield>
    <datafield tag="650" ind1=" " ind2=" ">
      <subfield code="a"> HISTORIA REGIONAL</subfield>
    </datafield>
    <datafield tag="942" ind1=" " ind2=" ">
      <subfield code="c">BK</subfield>
    </datafield>
    <datafield tag="952" ind1=" " ind2=" ">
      <subfield code="a">BIB_RECT</subfield>
      <subfield code="b">BIB_UARG</subfield>
      <subfield code="d">2015-03-30</subfield>
      <subfield code="y">BK</subfield>
      <subfield code="p">05-47279</subfield>
      <subfield code="i">05-47279</subfield>
      <subfield code="g">90</subfield>
      <subfield code="o">94(828.6) I344i2</subfield>
      <subfield code="e">Donación Schweitzer, Alejandro</subfield>
      <subfield code="8">CG</subfield>
    </datafield>
  </record>