
  <record>
    <leader>01000aam  22002601a 4500</leader>
    <controlfield tag="001">YPZ99502</controlfield>
    <controlfield tag="003">YPZ</controlfield>
    <controlfield tag="005">201504071143410</controlfield>
    <controlfield tag="008">150407|###########||||||b||||||||||spa|d</controlfield>
    <datafield tag="020" ind1=" " ind2=" ">
      <subfield code="a">8470820311</subfield>
    </datafield>
    <datafield tag="040" ind1=" " ind2=" ">
      <subfield code="c">SIUNPA</subfield>
    </datafield>
    <datafield tag="041" ind1=" " ind2=" ">
      <subfield code="a">spa</subfield>
    </datafield>
    <datafield tag="044" ind1=" " ind2=" ">
      <subfield code="a">ES</subfield>
    </datafield>
    <datafield tag="080" ind1=" " ind2=" ">
      <subfield code="a">821.14'02 E899d</subfield>
    </datafield>
    <datafield tag="100" ind1=" " ind2=" ">
      <subfield code="a">Eurípides.</subfield>
    </datafield>
    <datafield tag="245" ind1=" " ind2=" ">
      <subfield code="a">Dramas y tragedias</subfield>
      <subfield code="c"> / Grau, Florencia, versión establecida a la vista de los textos más autorizados, pról. y notas</subfield>
    </datafield>
    <datafield tag="250" ind1=" " ind2=" ">
      <subfield code="a">nueva ed.</subfield>
    </datafield>
    <datafield tag="260" ind1=" " ind2=" ">
      <subfield code="a">Barcelona</subfield>
      <subfield code="b"> : Iberia</subfield>
      <subfield code="c"> , 1983</subfield>
    </datafield>
    <datafield tag="505" ind1=" " ind2=" ">
      <subfield code="a">Con: Alcestes - Las troyanas - Ifigenia - En Tauride - Electra - El Ciclope</subfield>
    </datafield>
    <datafield tag="650" ind1=" " ind2=" ">
      <subfield code="a"> LITERATURA GRIEGA  TEATRO GRIEGO</subfield>
    </datafield>
    <datafield tag="942" ind1=" " ind2=" ">
      <subfield code="c">BK</subfield>
    </datafield>
    <datafield tag="952" ind1=" " ind2=" ">
      <subfield code="a">BIB_RECT</subfield>
      <subfield code="b">BIB_UARG</subfield>
      <subfield code="d">2015-04-07</subfield>
      <subfield code="y">BK</subfield>
      <subfield code="p">05-04214</subfield>
      <subfield code="i">05-04214</subfield>
      <subfield code="g">89</subfield>
      <subfield code="o">821.14'02 E899d</subfield>
      <subfield code="e">Prof. Fuentes, Cloe/84</subfield>
      <subfield code="8">CG</subfield>
    </datafield>
  </record>