
  <record>
    <leader>01000aam  22002601a 4500</leader>
    <controlfield tag="001">YPZ99512</controlfield>
    <controlfield tag="003">YPZ</controlfield>
    <controlfield tag="005">201504141226430</controlfield>
    <controlfield tag="008">150414|###########||||||b||||||||||spa|d</controlfield>
    <datafield tag="020" ind1=" " ind2=" ">
      <subfield code="a">8447309843</subfield>
    </datafield>
    <datafield tag="040" ind1=" " ind2=" ">
      <subfield code="c">SIUNPA</subfield>
    </datafield>
    <datafield tag="041" ind1=" " ind2=" ">
      <subfield code="a">spa</subfield>
    </datafield>
    <datafield tag="044" ind1=" " ind2=" ">
      <subfield code="a">ES</subfield>
    </datafield>
    <datafield tag="080" ind1=" " ind2=" ">
      <subfield code="a">821.134.2(82) B938p</subfield>
    </datafield>
    <datafield tag="100" ind1=" " ind2=" ">
      <subfield code="a">Bullrich, Silvina.</subfield>
    </datafield>
    <datafield tag="245" ind1=" " ind2=" ">
      <subfield code="a">Los pasajeros del jardín</subfield>
    </datafield>
    <datafield tag="260" ind1=" " ind2=" ">
      <subfield code="a">Barcelona</subfield>
      <subfield code="b"> : RBA</subfield>
      <subfield code="b"> : Planeta</subfield>
      <subfield code="c"> , 1995</subfield>
    </datafield>
    <datafield tag="440" ind1=" " ind2=" ">
      <subfield code="a">Sección obras de Historia</subfield>
      <subfield code="a">Ficciones</subfield>
      <subfield code="a">Ficciones</subfield>
      <subfield code="a">Escritores argentinos. Novelas, cuentos y relatos</subfield>
      <subfield code="a">Ficciones</subfield>
      <subfield code="a">Escritores argentinos. Novelas, cuentos y relatos</subfield>
      <subfield code="a">Ficciones</subfield>
      <subfield code="a">Ficciones</subfield>
      <subfield code="a">Grandes escritores argentinos y latinoamericanos</subfield>
      <subfield code="v">17</subfield>
    </datafield>
    <datafield tag="490" ind1=" " ind2=" ">
      <subfield code="a">Sección obras de Historia</subfield>
      <subfield code="a">Ficciones</subfield>
      <subfield code="a">Ficciones</subfield>
      <subfield code="a">Escritores argentinos. Novelas, cuentos y relatos</subfield>
      <subfield code="a">Ficciones</subfield>
      <subfield code="a">Escritores argentinos. Novelas, cuentos y relatos</subfield>
      <subfield code="a">Ficciones</subfield>
      <subfield code="a">Ficciones</subfield>
      <subfield code="a">Grandes escritores argentinos y latinoamericanos</subfield>
      <subfield code="v">17</subfield>
    </datafield>
    <datafield tag="650" ind1=" " ind2=" ">
      <subfield code="a"> LITERATURA ARGENTINA</subfield>
    </datafield>
    <datafield tag="650" ind1=" " ind2=" ">
      <subfield code="a"> NOVELA</subfield>
    </datafield>
    <datafield tag="942" ind1=" " ind2=" ">
      <subfield code="c">BK</subfield>
    </datafield>
    <datafield tag="952" ind1=" " ind2=" ">
      <subfield code="a">BIB_RECT</subfield>
      <subfield code="b">BIB_UARG</subfield>
      <subfield code="d">2015-04-14</subfield>
      <subfield code="y">BK</subfield>
      <subfield code="p">05-09543</subfield>
      <subfield code="i">05-09543</subfield>
      <subfield code="g">110</subfield>
      <subfield code="o">821.134.2(82) B938p</subfield>
      <subfield code="e">Donación</subfield>
      <subfield code="8">CG</subfield>
    </datafield>
  </record>