
  <record>
    <leader>01000aam  22002601a 4500</leader>
    <controlfield tag="001">YPZ99523</controlfield>
    <controlfield tag="003">YPZ</controlfield>
    <controlfield tag="005">201504161550580</controlfield>
    <controlfield tag="008">150416|###########||||||b||||||||||spa|d</controlfield>
    <datafield tag="020" ind1=" " ind2=" ">
      <subfield code="a">9505111894</subfield>
    </datafield>
    <datafield tag="040" ind1=" " ind2=" ">
      <subfield code="c">SIUNPA</subfield>
    </datafield>
    <datafield tag="041" ind1=" " ind2=" ">
      <subfield code="a">spa</subfield>
    </datafield>
    <datafield tag="044" ind1=" " ind2=" ">
      <subfield code="a">AR</subfield>
    </datafield>
    <datafield tag="080" ind1=" " ind2=" ">
      <subfield code="a">821.134.2(82) C827h</subfield>
    </datafield>
    <datafield tag="100" ind1=" " ind2=" ">
      <subfield code="a">Cortázar, Julio.</subfield>
    </datafield>
    <datafield tag="245" ind1=" " ind2=" ">
      <subfield code="a">Historias de cronopios y de famas</subfield>
    </datafield>
    <datafield tag="250" ind1=" " ind2=" ">
      <subfield code="a">1a ed., 4a reimpr.</subfield>
    </datafield>
    <datafield tag="260" ind1=" " ind2=" ">
      <subfield code="a">Buenos Aires</subfield>
      <subfield code="b"> : Alfaguara</subfield>
      <subfield code="c"> , 1998</subfield>
    </datafield>
    <datafield tag="650" ind1=" " ind2=" ">
      <subfield code="a"> LITERATURA ARGENTINA</subfield>
    </datafield>
    <datafield tag="650" ind1=" " ind2=" ">
      <subfield code="a"> CUENTO</subfield>
    </datafield>
    <datafield tag="942" ind1=" " ind2=" ">
      <subfield code="c">BK</subfield>
    </datafield>
    <datafield tag="952" ind1=" " ind2=" ">
      <subfield code="a">BIB_RECT</subfield>
      <subfield code="b">BIB_UARG</subfield>
      <subfield code="d">2015-04-16</subfield>
      <subfield code="y">BK</subfield>
      <subfield code="p">05-13130</subfield>
      <subfield code="i">05-13130</subfield>
      <subfield code="g">120</subfield>
      <subfield code="o">821.134.2(82) C827h</subfield>
      <subfield code="e">FOMEC 578</subfield>
      <subfield code="8">CG</subfield>
    </datafield>
  </record>