
  <record>
    <leader>01000aam  22002601a 4500</leader>
    <controlfield tag="001">YPZ99554</controlfield>
    <controlfield tag="003">YPZ</controlfield>
    <controlfield tag="005">201504221527470</controlfield>
    <controlfield tag="008">150422|###########||||||b||||||||||spa|d</controlfield>
    <datafield tag="020" ind1=" " ind2=" ">
      <subfield code="a">8447309584</subfield>
    </datafield>
    <datafield tag="040" ind1=" " ind2=" ">
      <subfield code="c">SIUNPA</subfield>
    </datafield>
    <datafield tag="041" ind1=" " ind2=" ">
      <subfield code="a">spa</subfield>
    </datafield>
    <datafield tag="044" ind1=" " ind2=" ">
      <subfield code="a">AR</subfield>
    </datafield>
    <datafield tag="080" ind1=" " ind2=" ">
      <subfield code="a">821.134.2(82) B616i</subfield>
    </datafield>
    <datafield tag="100" ind1=" " ind2=" ">
      <subfield code="a">Bioy Casares, Adolfo.</subfield>
    </datafield>
    <datafield tag="245" ind1=" " ind2=" ">
      <subfield code="a">La invención de Morel</subfield>
    </datafield>
    <datafield tag="260" ind1=" " ind2=" ">
      <subfield code="a">Barcelona</subfield>
      <subfield code="b"> : RBA</subfield>
      <subfield code="b"> : Planeta</subfield>
      <subfield code="c"> , 1995</subfield>
    </datafield>
    <datafield tag="440" ind1=" " ind2=" ">
      <subfield code="a">Grandes escritores argentinos y latinoamericanos</subfield>
      <subfield code="v">12</subfield>
    </datafield>
    <datafield tag="490" ind1=" " ind2=" ">
      <subfield code="a">Grandes escritores argentinos y latinoamericanos</subfield>
      <subfield code="v">12</subfield>
    </datafield>
    <datafield tag="650" ind1=" " ind2=" ">
      <subfield code="a"> LITERATURA ARGENTINA</subfield>
    </datafield>
    <datafield tag="650" ind1=" " ind2=" ">
      <subfield code="a"> NOVELA</subfield>
    </datafield>
    <datafield tag="942" ind1=" " ind2=" ">
      <subfield code="c">BK</subfield>
    </datafield>
    <datafield tag="952" ind1=" " ind2=" ">
      <subfield code="a">BIB_RECT</subfield>
      <subfield code="b">BIB_UARG</subfield>
      <subfield code="d">2015-04-21</subfield>
      <subfield code="y">BK</subfield>
      <subfield code="p">05-09435</subfield>
      <subfield code="i">05-09435</subfield>
      <subfield code="g">110</subfield>
      <subfield code="o">821.134.2(82) B616i</subfield>
      <subfield code="e">Compra AAB/02</subfield>
      <subfield code="8">CG</subfield>
    </datafield>
  </record>