
  <record>
    <leader>01000aam  22002601a 4500</leader>
    <controlfield tag="001">YPZ99627</controlfield>
    <controlfield tag="003">YPZ</controlfield>
    <controlfield tag="005">201506020930300</controlfield>
    <controlfield tag="008">150602|###########||||||b||||||||||spa|d</controlfield>
    <datafield tag="040" ind1=" " ind2=" ">
      <subfield code="c">SIUNPA</subfield>
    </datafield>
    <datafield tag="041" ind1=" " ind2=" ">
      <subfield code="a">spa</subfield>
    </datafield>
    <datafield tag="044" ind1=" " ind2=" ">
      <subfield code="a">ES</subfield>
    </datafield>
    <datafield tag="080" ind1=" " ind2=" ">
      <subfield code="a">101.1 O772e</subfield>
    </datafield>
    <datafield tag="100" ind1=" " ind2=" ">
      <subfield code="a">Ortega y Gasset, José.</subfield>
    </datafield>
    <datafield tag="245" ind1=" " ind2=" ">
      <subfield code="a">El espectador</subfield>
      <subfield code="c"> / Gómez de la Serna, Gaspar, selección y pról.</subfield>
    </datafield>
    <datafield tag="260" ind1=" " ind2=" ">
      <subfield code="a">Navarra</subfield>
      <subfield code="b"> : Salvat</subfield>
      <subfield code="c"> , 1970</subfield>
    </datafield>
    <datafield tag="440" ind1=" " ind2=" ">
      <subfield code="a">Biblioteca básica salvat de libros</subfield>
      <subfield code="v">18</subfield>
    </datafield>
    <datafield tag="490" ind1=" " ind2=" ">
      <subfield code="a">Biblioteca básica salvat de libros</subfield>
      <subfield code="v">18</subfield>
    </datafield>
    <datafield tag="650" ind1=" " ind2=" ">
      <subfield code="a"> FILOSOFIA</subfield>
    </datafield>
    <datafield tag="942" ind1=" " ind2=" ">
      <subfield code="c">BK</subfield>
    </datafield>
    <datafield tag="952" ind1=" " ind2=" ">
      <subfield code="a">BIB_RECT</subfield>
      <subfield code="b">BIB_UARG</subfield>
      <subfield code="d">2015-06-02</subfield>
      <subfield code="y">BK</subfield>
      <subfield code="p">05-47356</subfield>
      <subfield code="i">05-47356</subfield>
      <subfield code="g">100</subfield>
      <subfield code="o">101.1 O772e</subfield>
      <subfield code="e">Donación Flia. Celada</subfield>
      <subfield code="8">CG</subfield>
    </datafield>
  </record>