
  <record>
    <leader>01000aam  22002601a 4500</leader>
    <controlfield tag="001">YPZ99702</controlfield>
    <controlfield tag="003">YPZ</controlfield>
    <controlfield tag="005">201508181443370</controlfield>
    <controlfield tag="008">150818|###########||||||b||||||||||spa|d</controlfield>
    <datafield tag="020" ind1=" " ind2=" ">
      <subfield code="a">9789211218527</subfield>
    </datafield>
    <datafield tag="020" ind1=" " ind2=" ">
      <subfield code="a">9789210565318</subfield>
    </datafield>
    <datafield tag="040" ind1=" " ind2=" ">
      <subfield code="c">SIUNPA</subfield>
    </datafield>
    <datafield tag="041" ind1=" " ind2=" ">
      <subfield code="a">spa</subfield>
    </datafield>
    <datafield tag="044" ind1=" " ind2=" ">
      <subfield code="a">CL</subfield>
    </datafield>
    <datafield tag="080" ind1=" " ind2=" ">
      <subfield code="a">338.1 B562c</subfield>
    </datafield>
    <datafield tag="100" ind1=" " ind2=" ">
      <subfield code="a">Beteta, Hugo E..</subfield>
    </datafield>
    <datafield tag="700" ind1=" " ind2=" ">
      <subfield code="a">Moreno-Brid, Juan Carlos.</subfield>
    </datafield>
    <datafield tag="245" ind1=" " ind2=" ">
      <subfield code="a">Cambio estructural y crecimiento en Centroamérica y la República Dominicana</subfield>
      <subfield code="b"> : un balance de dos décadas, 1990-2011</subfield>
    </datafield>
    <datafield tag="260" ind1=" " ind2=" ">
      <subfield code="a">Santiago de Chile</subfield>
      <subfield code="b"> : Comisión Económica para América Latina, CEPAL</subfield>
      <subfield code="c"> , 2014</subfield>
    </datafield>
    <datafield tag="440" ind1=" " ind2=" ">
      <subfield code="a">Espejo de la Argentina</subfield>
      <subfield code="a">Colección tesis doctorales</subfield>
      <subfield code="a">Libros de la CEPAL</subfield>
      <subfield code="v">122</subfield>
    </datafield>
    <datafield tag="490" ind1=" " ind2=" ">
      <subfield code="a">Espejo de la Argentina</subfield>
      <subfield code="a">Colección tesis doctorales</subfield>
      <subfield code="a">Libros de la CEPAL</subfield>
      <subfield code="v">122</subfield>
    </datafield>
    <datafield tag="650" ind1=" " ind2=" ">
      <subfield code="a"> DESARROLLO ECONOMICO</subfield>
    </datafield>
    <datafield tag="650" ind1=" " ind2=" ">
      <subfield code="a"> CRECIMIENTO ECONOMICO</subfield>
    </datafield>
    <datafield tag="650" ind1=" " ind2=" ">
      <subfield code="a"> MACROECONOMIA</subfield>
    </datafield>
    <datafield tag="650" ind1=" " ind2=" ">
      <subfield code="a"> REPUBLICA DOMINICANA</subfield>
    </datafield>
    <datafield tag="650" ind1=" " ind2=" ">
      <subfield code="a"> AMERICA CENTRAL</subfield>
    </datafield>
    <datafield tag="942" ind1=" " ind2=" ">
      <subfield code="c">BK</subfield>
    </datafield>
    <datafield tag="952" ind1=" " ind2=" ">
      <subfield code="a">BIB_RECT</subfield>
      <subfield code="b">BIB_UARG</subfield>
      <subfield code="d">2015-08-18</subfield>
      <subfield code="y">BK</subfield>
      <subfield code="p">05-47408</subfield>
      <subfield code="i">05-47408</subfield>
      <subfield code="g">130</subfield>
      <subfield code="o">338.1 B562c</subfield>
      <subfield code="e">Donación CEPAL</subfield>
      <subfield code="8">CG</subfield>
    </datafield>
  </record>