
  <record>
    <leader>01000aam  22002601a 4500</leader>
    <controlfield tag="001">YPZ99707</controlfield>
    <controlfield tag="003">YPZ</controlfield>
    <controlfield tag="005">201508191047500</controlfield>
    <controlfield tag="008">150819|###########||||||b||||||||||spa|d</controlfield>
    <datafield tag="020" ind1=" " ind2=" ">
      <subfield code="a">9789211218671</subfield>
    </datafield>
    <datafield tag="022" ind1=" " ind2=" ">
      <subfield code="a">16808681</subfield>
    </datafield>
    <datafield tag="040" ind1=" " ind2=" ">
      <subfield code="c">SIUNPA</subfield>
    </datafield>
    <datafield tag="041" ind1=" " ind2=" ">
      <subfield code="a">spa</subfield>
    </datafield>
    <datafield tag="044" ind1=" " ind2=" ">
      <subfield code="a">CL</subfield>
    </datafield>
    <datafield tag="080" ind1=" " ind2=" ">
      <subfield code="a">338.1 P195p</subfield>
    </datafield>
    <datafield tag="245" ind1=" " ind2=" ">
      <subfield code="a">Panorama de la inserción internacional de América Latina y el Caribe</subfield>
      <subfield code="b"> : integración regional y cadenas de valor en un escenario externo desafiante</subfield>
    </datafield>
    <datafield tag="260" ind1=" " ind2=" ">
      <subfield code="a">Santiago de Chile</subfield>
      <subfield code="b"> : CEPAL</subfield>
      <subfield code="c"> , 2014</subfield>
    </datafield>
    <datafield tag="500" ind1=" " ind2=" ">
      <subfield code="a">Tít. de partida: 2014</subfield>
    </datafield>
    <datafield tag="650" ind1=" " ind2=" ">
      <subfield code="a"> DESARROLLO ECONOMICO Y SOCIAL  AMERICA LATINA</subfield>
    </datafield>
    <datafield tag="650" ind1=" " ind2=" ">
      <subfield code="a"> ANALISIS ECONOMICO </subfield>
    </datafield>
    <datafield tag="650" ind1=" " ind2=" ">
      <subfield code="a"> CARIBE</subfield>
    </datafield>
    <datafield tag="650" ind1=" " ind2=" ">
      <subfield code="a"> POLITICA ECONOMICA</subfield>
    </datafield>
    <datafield tag="650" ind1=" " ind2=" ">
      <subfield code="a"> RELACIONES ECONOMICAS INTERNACIONALES</subfield>
    </datafield>
    <datafield tag="942" ind1=" " ind2=" ">
      <subfield code="c">BK</subfield>
    </datafield>
    <datafield tag="952" ind1=" " ind2=" ">
      <subfield code="a">BIB_RECT</subfield>
      <subfield code="b">BIB_UARG</subfield>
      <subfield code="d">2015-08-19</subfield>
      <subfield code="y">BK</subfield>
      <subfield code="p">05-47419</subfield>
      <subfield code="i">05-47419</subfield>
      <subfield code="g">110</subfield>
      <subfield code="o">338.1 P195p</subfield>
      <subfield code="e">CEPAL</subfield>
      <subfield code="8">CG</subfield>
    </datafield>
  </record>