
  <record>
    <leader>01000aam  22002601a 4500</leader>
    <controlfield tag="001">YPZ99709</controlfield>
    <controlfield tag="003">YPZ</controlfield>
    <controlfield tag="005">201508191433180</controlfield>
    <controlfield tag="008">150819|###########||||||b||||||||||spa|d</controlfield>
    <datafield tag="020" ind1=" " ind2=" ">
      <subfield code="a">9789874532190</subfield>
    </datafield>
    <datafield tag="040" ind1=" " ind2=" ">
      <subfield code="c">SIUNPA</subfield>
    </datafield>
    <datafield tag="041" ind1=" " ind2=" ">
      <subfield code="a">spa</subfield>
    </datafield>
    <datafield tag="044" ind1=" " ind2=" ">
      <subfield code="a">AR</subfield>
    </datafield>
    <datafield tag="080" ind1=" " ind2=" ">
      <subfield code="a">902 A772a</subfield>
    </datafield>
    <datafield tag="245" ind1=" " ind2=" ">
      <subfield code="a">Arqueología de las cuencas de los lagos Cardiel y Strobel</subfield>
      <subfield code="b"> : poblamiento humano y paleoambientes en Patagonia</subfield>
      <subfield code="c"> / Goñi, Rafael, ed. ; Belardi, Juan B., ed. ; Cassiodoro, Gisela ; Re, Anahí</subfield>
    </datafield>
    <datafield tag="250" ind1=" " ind2=" ">
      <subfield code="a">1a ed.</subfield>
    </datafield>
    <datafield tag="260" ind1=" " ind2=" ">
      <subfield code="a">Buenos Aires</subfield>
      <subfield code="b"> : Aspha</subfield>
      <subfield code="c"> , 2014</subfield>
    </datafield>
    <datafield tag="650" ind1=" " ind2=" ">
      <subfield code="a"> ARQUEOLOGIA</subfield>
    </datafield>
    <datafield tag="650" ind1=" " ind2=" ">
      <subfield code="a"> LAGO CARDIEL (SANTA CRUZ)</subfield>
    </datafield>
    <datafield tag="650" ind1=" " ind2=" ">
      <subfield code="a"> LAGO STROBEL (SANTA CRUZ)</subfield>
    </datafield>
    <datafield tag="650" ind1=" " ind2=" ">
      <subfield code="a"> REGION PATAGONICA</subfield>
    </datafield>
    <datafield tag="942" ind1=" " ind2=" ">
      <subfield code="c">BK</subfield>
    </datafield>
    <datafield tag="952" ind1=" " ind2=" ">
      <subfield code="a">BIB_RECT</subfield>
      <subfield code="b">BIB_UARG</subfield>
      <subfield code="d">2015-08-18</subfield>
      <subfield code="y">BK</subfield>
      <subfield code="p">05-47413</subfield>
      <subfield code="i">05-47413</subfield>
      <subfield code="g">120</subfield>
      <subfield code="o">902 A772a</subfield>
      <subfield code="e">Donación Belardi, Juan B.</subfield>
      <subfield code="8">CG</subfield>
    </datafield>
  </record>