
  <record>
    <leader>01000aam  22002601a 4500</leader>
    <controlfield tag="001">YPZ99721</controlfield>
    <controlfield tag="003">YPZ</controlfield>
    <controlfield tag="005">201508250857500</controlfield>
    <controlfield tag="008">150825|###########||||||b||||||||||spa|d</controlfield>
    <datafield tag="020" ind1=" " ind2=" ">
      <subfield code="a">9789870566250</subfield>
    </datafield>
    <datafield tag="040" ind1=" " ind2=" ">
      <subfield code="c">SIUNPA</subfield>
    </datafield>
    <datafield tag="041" ind1=" " ind2=" ">
      <subfield code="a">spa</subfield>
    </datafield>
    <datafield tag="044" ind1=" " ind2=" ">
      <subfield code="a">AR</subfield>
    </datafield>
    <datafield tag="080" ind1=" " ind2=" ">
      <subfield code="a">903 E562h 10</subfield>
    </datafield>
    <datafield tag="110" ind1=" " ind2=" ">
      <subfield code="a">Encuentro de Historia y de Arqueología Postconquista de los Pueblos al Sur del Salado   (10 : 2008 : Buenos Aires).</subfield>
    </datafield>
    <datafield tag="245" ind1=" " ind2=" ">
      <subfield code="a">10º encuentro de historia y de arqueología postconquista de los pueblos al sur del salado</subfield>
      <subfield code="b"> : (en memoria del Dr. Guillermo Madrazo)</subfield>
      <subfield code="c"> / Wally, Juan Waldemar, comp. ; Langiano, María del Carmen, comp. ; Alvarez, Nelly, comp. ; Merlo, Julio Fabián, comp.</subfield>
    </datafield>
    <datafield tag="260" ind1=" " ind2=" ">
      <subfield code="a">Olavarría</subfield>
      <subfield code="b"> : Comisión Municipal de Estudios Históricos y de Arqueología Histórica</subfield>
      <subfield code="c"> , 2008</subfield>
    </datafield>
    <datafield tag="650" ind1=" " ind2=" ">
      <subfield code="a"> ARQUEOLOGIA</subfield>
    </datafield>
    <datafield tag="650" ind1=" " ind2=" ">
      <subfield code="a"> HISTORIA</subfield>
    </datafield>
    <datafield tag="942" ind1=" " ind2=" ">
      <subfield code="c">BK</subfield>
    </datafield>
    <datafield tag="952" ind1=" " ind2=" ">
      <subfield code="a">BIB_RECT</subfield>
      <subfield code="b">BIB_UARG</subfield>
      <subfield code="d">2015-08-25</subfield>
      <subfield code="y">BK</subfield>
      <subfield code="p">05-47406</subfield>
      <subfield code="i">05-47406</subfield>
      <subfield code="g">45</subfield>
      <subfield code="o">903 E562h 10</subfield>
      <subfield code="e">Merlo, Julio</subfield>
      <subfield code="8">CG</subfield>
    </datafield>
  </record>