
  <record>
    <leader>01000aam  22002601a 4500</leader>
    <controlfield tag="001">YPZ99723</controlfield>
    <controlfield tag="003">YPZ</controlfield>
    <controlfield tag="005">201508250930500</controlfield>
    <controlfield tag="008">150825|###########||||||b||||||||||spa|d</controlfield>
    <datafield tag="020" ind1=" " ind2=" ">
      <subfield code="a">9789875216112</subfield>
    </datafield>
    <datafield tag="040" ind1=" " ind2=" ">
      <subfield code="c">SIUNPA</subfield>
    </datafield>
    <datafield tag="041" ind1=" " ind2=" ">
      <subfield code="a">spa</subfield>
    </datafield>
    <datafield tag="044" ind1=" " ind2=" ">
      <subfield code="a">AR</subfield>
    </datafield>
    <datafield tag="080" ind1=" " ind2=" ">
      <subfield code="a">630*26 C749n 3</subfield>
    </datafield>
    <datafield tag="110" ind1=" " ind2=" ">
      <subfield code="a">Congreso Nacional de Sistemas Silvopastoriles (3 : 2015 : Iguazú).</subfield>
    </datafield>
    <datafield tag="710" ind1=" " ind2=" ">
      <subfield code="a">Congreso Internacional Sistemas Agroforestales (8 : 2015 : Iguazú).</subfield>
    </datafield>
    <datafield tag="245" ind1=" " ind2=" ">
      <subfield code="a">3° congreso nacional de sistemas silvopastoriles. VIII congreso internacional sistemas agroforestales</subfield>
      <subfield code="c"> / Peri, Pablo Luis, comp.</subfield>
    </datafield>
    <datafield tag="260" ind1=" " ind2=" ">
      <subfield code="a">Misiones</subfield>
      <subfield code="b"> : Estación Experimental Agropecuaria Misiones, INTA</subfield>
      <subfield code="c"> , 2015</subfield>
    </datafield>
    <datafield tag="650" ind1=" " ind2=" ">
      <subfield code="a"> RECURSOS FORESTALES</subfield>
    </datafield>
    <datafield tag="650" ind1=" " ind2=" ">
      <subfield code="a"> SISTEMAS SILVOPASTORILES</subfield>
    </datafield>
    <datafield tag="650" ind1=" " ind2=" ">
      <subfield code="a"> BOSQUE </subfield>
    </datafield>
    <datafield tag="650" ind1=" " ind2=" ">
      <subfield code="a"> SILVICULTURA</subfield>
    </datafield>
    <datafield tag="650" ind1=" " ind2=" ">
      <subfield code="a"> MISIONES (ARGENTINA)</subfield>
    </datafield>
    <datafield tag="942" ind1=" " ind2=" ">
      <subfield code="c">BK</subfield>
    </datafield>
    <datafield tag="952" ind1=" " ind2=" ">
      <subfield code="a">BIB_RECT</subfield>
      <subfield code="b">BIB_UARG</subfield>
      <subfield code="d">2015-08-25</subfield>
      <subfield code="y">BK</subfield>
      <subfield code="p">05-47420</subfield>
      <subfield code="i">05-47420</subfield>
      <subfield code="g">300</subfield>
      <subfield code="o">630*26 C749n 3</subfield>
      <subfield code="e">INTA</subfield>
      <subfield code="8">CG</subfield>
    </datafield>
  </record>